3557 5559
1353 599 1751 665 -109—

953 789 1003 846 A
1037 788 1346 850 GERFN...
1379 791 1509 846 PAS
1930 787 2130 843 MPER

956 882 1103 937 AVG
1796 880 1963 936 MIVS
2004 881 2049 934 V
2089 880 2130 933 C

957 970 1092 1026 CON
1099 972 1134 1027 S
1828 969 2130 1025 WNONIAE

1384 1062 1502 1119 ΡΙΟ
1701 1095 1704 1100 -
1887 1061 2133 1117 XRANI¹⁵

1628 1149 1725 1209 XC

518 1324 593 1389 P.
630 1318 930 1390 Ovidius
962 1322 1150 1390 Naso
1182 1318 1404 1389 dixit:

779 1523 978 1580 Sulmo
1009 1522 1150 1577 mihi
1179 1521 1368 1595 patria
1398 1527 1505 1591 est,
1539 1521 1744 1595 gelidis
1774 1521 2099 1577 uberrimus
2133 1521 2325 1590 undiS‚

856 1621 1012 1676 Milia
1041 1621 1140 1693 qui
1168 1620 1360 1677 novies
1388 1621 1567 1676 distat
1595 1621 1668 1676 ab
1698 1621 1847 1677 Urbe
1877 1621 2078 1676 decem
2103 1622 2206 1693 (1).

528 1803 609 1869 Et
647 1800 886 1892 reipsa
925 1800 1124 1871 haud
1157 1800 1376 1890 longe
1407 1823 1449 1870 a
1498 1801 1847 1871 Sulmone
1898 1800 2302 1870 miliarium
2346 1800 2667 1891 positum

435 1928 611 2004 erat,
647 1925 837 2016 quod
869 1925 1069 1995 hune
1111 1946 1503 1996 numerum
1539 1926 1860 1996 incisum
1893 1926 2189 1995 ferebat.

527 2053 909 2122 Itineraria
932 2052 1253 2143 spatium
1284 2052 1712 2124 describunt
1740 2053 2097 2124 aValeria
2128 2053 2246 2123 via
2279 2073 2666 2121 emensum

435 2177 776 2269 locosque
815 2178 1171 2268 plurimos
1229 2178 1422 2248 inter
1474 2185 1786 2249 Romam
1838 2183 1907 2249 et
1962 2178 2136 2249 litus
2200 2178 2664 2248 Adriaticum

433 2302 792 2372 indicant.
853 2307 912 2372 A
953 2308 1362 2375 Marsorum
1423 2304 1721 2395 regione
1783 2326 2014 2396 usque
2070 2303 2159 2374 ad
2212 2302 2666 2373 Marrucinos

436 2427 630 2497 infra
662 2428 933 2520 scripta
964 2430 1268 2499 nomina
1299 2431 1725 2501 invenimus
1754 2432 1888 2519 (2):

610 2648 962 2703 Itinerarium
993 2651 1463 2705 Antoninianum:
1792 2651 1999 2705 Tabula
2024 2650 2458 2718 Peutinqerania
2481 2665 2492 2701 :

511 2748 823 2803 CERFENNIA
1809 2749 2082 2804 emmaum

1965 2821 1976 2926 Ι
2263 2839 2302 2891 V
2343 2853 2486 2907 m.p.

1743 2929 1905 2982 Mons
1927 2929 2093 2983 Imaus

785 3016 905 3070 XVI
946 3033 1088 3088 m.p.
1967 3000 1977 3105 Ι
2344 3014 2373 3069 <2

1842 3107 2086 3163 STATULE

1967 3179 1978 3284 Ι
2221 3196 2316 3250 vn
2348 3211 2491 3266 m.p.

512 3285 778 3339 Coammo
1814 3285 2082 3342 Conmmo

652 3356 663 3462 Ι
766 3371 839 3427 ΧΙ
863 3390 1004 3444 m.p.
1966 3358 1977 3463 Ι
2208 3375 2299 3430 VII
2331 3391 2475 3445 m.p.

437 3463 845 3519 lma-amomon
1754 3464 2141 3521 lmnnpnounu

643 3536 655 3641 Ι
704 3553 828 3606 xvi
864 3533 1191 3641 (g‘ffovggffigff
1236 3552 1513 3624 xv1m.p.
1967 3538 1977 3643 Ι
2244 3556 2284 3607 ν
2317 3571 2455 3626 m.p.

439 3642 616 3696 ΤΕΑτε
646 3646 972 3697 MAnnucmo
1600 3642 1708 3696 ΤΕΑ
1718 3658 1789 3697 no
1819 3644 2304 3702 Minancmocfflos

530 3844 879 3924 Quamvis
920 3845 1058 3913 hoo
1109 3844 1582 3914 intervallum
1630 3847 1904 3915 Tabula
1963 3847 2539 3954 Peutingeriana*
2579 3852 2676 3920 si-

438 3968 665 4038 lentio
694 3971 1203 4059 praetereat—
1236 3990 1413 4037 nam
1447 3969 1549 4038 ibi
1579 3970 1990 4061 interrupta
2022 3975 2130 4072 est
2160 3972 2353 4042 linea
2383 3995 2571 4064 quae
2600 3975 2679 4043 in

439 4091 712 4161 'Pabula
762 4092 1129 4162 Valeriam
1176 4092 1631 4181 designat—
1682 4115 1726 4164 a
1773 4099 2020 4165 monte
2070 4101 2263 4168 lmeo
2300 4119 2527 4188 usque
2588 4098 2678 4168 ad

442 4219 763 4288 Statulas
783 4220 1480 4310 patebantquattuor
1504 4222 1709 4292 milia
1729 4245 2109 4313 passuum.
2126 4226 2437 4297 Tabulae
2465 4249 2680 4318 porro

514 4414 590 4487 (1)
621 4417 802 4484 Ovm.,
837 4419 1025 4488 Trist.,
1060 4419 1147 4488 IV,
1182 4418 1268 4486 10,
1302 4420 1353 4473 3.

516 4513 593 4585 (2)
622 4515 985 4573 Itinerarium
1014 4519 1257 4588 Auqusti
1285 4520 1576 4586 Antonini,
1609 4520 1698 4575 ed.
1734 4518 2090 4592 Wssssnmnm
2127 4557 2191 4567 —
2225 4526 2433 4585 Tabula
2460 4529 2682 4588 Peutin-

444 4617 699 4683 yeriana,
733 4617 824 4671 ed.
856 4619 914 4671 E.
948 4618 1293 4673 DESJARDINS.
1325 4647 1391 4658 —
1423 4617 1598 4672 Cf.-C.
1633 4619 1676 4672 Ι.
1701 4622 1786 4687 L.‚
1811 4625 1853 4676 t.
1885 4623 1978 4690 IX,
2010 4640 2066 4694 p.
2099 4625 2241 4692 204;
2283 4660 2352 4669 -
2382 4631 2681 4704 Fnamoun,

454 4728 545 4783 op.
582 4716 699 4783 cit„
732 4731 789 4786 p.
824 4717 912 4770 29.
