<?xml version="1.0" encoding="UTF-8"?>
<!DOCTYPE html PUBLIC "-//W3C//DTD XHTML 1.0 Transitional//EN"
    "http://www.w3.org/TR/xhtml1/DTD/xhtml1-transitional.dtd">
<html xmlns="http://www.w3.org/1999/xhtml" xml:lang="en" lang="en">
 <head>
  <title>
</title>
<meta http-equiv="Content-Type" content="text/html;charset=utf-8" />
  <meta name='ocr-system' content='tesseract 3.04.00' />
  <meta name='ocr-capabilities' content='ocr_page ocr_carea ocr_par ocr_line ocrx_word'/>
</head>
<body>
  <div class='ocr_page' id='page_1' title='image "./deregionepaelig00besngoog_0080.png"; bbox 0 0 3557 5559; ppageno 0'>
   <div class='ocr_carea' id='block_1_1' title="bbox 1622 602 1977 668">
    <p class='ocr_par' dir='ltr' id='par_1_1' title="bbox 1622 602 1977 668">
     <span class='ocr_line' id='line_1_1' title="bbox 1622 602 1977 668; baseline -0.006 -15"><span class='ocrx_word' id='word_1_1' title='bbox 1622 602 1977 668; x_wconf 77' lang='grc'>-68-</span> 
     </span>
    </p>
   </div>
   <div class='ocr_carea' id='block_1_2' title="bbox 583 795 2913 4119">
    <p class='ocr_par' dir='ltr' id='par_1_2' title="bbox 669 795 2913 2985">
     <span class='ocr_line' id='line_1_2' title="bbox 682 795 2909 887; baseline -0 -21"><span class='ocrx_word' id='word_1_2' title='bbox 682 818 726 866; x_wconf 91' lang='lat' dir='ltr'>a</span> <span class='ocrx_word' id='word_1_3' title='bbox 765 799 968 887; x_wconf 91' lang='lat' dir='ltr'>parte</span> <span class='ocrx_word' id='word_1_4' title='bbox 1026 801 1524 875; x_wconf 85' lang='lat' dir='ltr'>Romanorum</span> <span class='ocrx_word' id='word_1_5' title='bbox 1577 800 1811 880; x_wconf 90' lang='lat' dir='ltr'>erant,</span> <span class='ocrx_word' id='word_1_6' title='bbox 1867 795 2296 865; x_wconf 87' lang='lat' dir='ltr'>marrucina</span> <span class='ocrx_word' id='word_1_7' title='bbox 2359 798 2432 864; x_wconf 89' lang='lat' dir='ltr'>et</span> <span class='ocrx_word' id='word_1_8' title='bbox 2469 795 2909 886; x_wconf 83' lang='lat' dir='ltr'>paeligna...</span> 
     </span>
     <span class='ocr_line' id='line_1_3' title="bbox 684 919 2913 1010; baseline -0.001 -21"><span class='ocrx_word' id='word_1_9' title='bbox 684 940 1000 1010; x_wconf 90' lang='lat' dir='ltr'>cumque</span> <span class='ocrx_word' id='word_1_10' title='bbox 1031 920 1156 990; x_wconf 89' lang='lat' dir='ltr'>diu</span> <span class='ocrx_word' id='word_1_11' title='bbox 1187 919 1652 1010; x_wconf 88' lang='lat' dir='ltr'>multumque</span> <span class='ocrx_word' id='word_1_12' title='bbox 1670 919 1962 990; x_wconf 83' lang='lat' dir='ltr'>connisi</span> <span class='ocrx_word' id='word_1_13' title='bbox 1991 939 2463 1010; x_wconf 82' lang='lat' dir='ltr'>perrumpere</span> <span class='ocrx_word' id='word_1_14' title='bbox 2495 919 2913 987; x_wconf 86' lang='lat' dir='ltr'>confertum</span> 
     </span>
     <span class='ocr_line' id='line_1_4' title="bbox 679 1046 2912 1138; baseline -0.001 -22"><span class='ocrx_word' id='word_1_15' title='bbox 679 1068 949 1135; x_wconf 86' lang='lat' dir='ltr'>agmen</span> <span class='ocrx_word' id='word_1_16' title='bbox 1011 1069 1159 1116; x_wconf 90' lang='lat' dir='ltr'>non</span> <span class='ocrx_word' id='word_1_17' title='bbox 1221 1051 1536 1138; x_wconf 84' lang='lat' dir='ltr'>possent,</span> <span class='ocrx_word' id='word_1_18' title='bbox 1590 1046 1904 1132; x_wconf 76' lang='lat' dir='ltr'>SalviUS‚</span> <span class='ocrx_word' id='word_1_19' title='bbox 1956 1046 2080 1135; x_wconf 91' lang='lat' dir='ltr'>qui</span> <span class='ocrx_word' id='word_1_20' title='bbox 2123 1046 2507 1133; x_wconf 83' lang='lat' dir='ltr'>Paelignos</span> <span class='ocrx_word' id='word_1_21' title='bbox 2568 1046 2912 1126; x_wconf 84' lang='lat' dir='ltr'>ducebat,</span> 
     </span>
     <span class='ocr_line' id='line_1_5' title="bbox 680 1169 2911 1261; baseline -0 -22"><span class='ocrx_word' id='word_1_22' title='bbox 680 1175 1052 1261; x_wconf 88' lang='lat' dir='ltr'>arreptum</span> <span class='ocrx_word' id='word_1_23' title='bbox 1084 1173 1382 1260; x_wconf 86' lang='lat' dir='ltr'>signum</span> <span class='ocrx_word' id='word_1_24' title='bbox 1407 1173 1481 1239; x_wconf 87' lang='lat' dir='ltr'>in</span> <span class='ocrx_word' id='word_1_25' title='bbox 1517 1172 1757 1241; x_wconf 90' lang='lat' dir='ltr'>hostes</span> <span class='ocrx_word' id='word_1_26' title='bbox 1783 1171 2065 1239; x_wconf 84' lang='lat' dir='ltr'>misit...</span> <span class='ocrx_word' id='word_1_27' title='bbox 2105 1175 2155 1238; x_wconf 83' lang='lat' dir='ltr'>E</span> <span class='ocrx_word' id='word_1_28' title='bbox 2181 1169 2582 1240; x_wconf 84' lang='lat' dir='ltr'>victoribus</span> <span class='ocrx_word' id='word_1_29' title='bbox 2613 1169 2911 1238; x_wconf 89' lang='lat' dir='ltr'>cecide-</span> 
     </span>
     <span class='ocr_line' id='line_1_6' title="bbox 677 1293 2912 1386; baseline -0.001 -21"><span class='ocrx_word' id='word_1_30' title='bbox 677 1300 851 1365; x_wconf 89' lang='lat' dir='ltr'>runt</span> <span class='ocrx_word' id='word_1_31' title='bbox 893 1317 1040 1365; x_wconf 91' lang='lat' dir='ltr'>non</span> <span class='ocrx_word' id='word_1_32' title='bbox 1071 1296 1234 1386; x_wconf 87' lang='lat' dir='ltr'>plus</span> <span class='ocrx_word' id='word_1_33' title='bbox 1265 1299 1590 1377; x_wconf 88' lang='lat' dir='ltr'>centum,</span> <span class='ocrx_word' id='word_1_34' title='bbox 1625 1298 1974 1363; x_wconf 90' lang='lat' dir='ltr'>eteorum</span> <span class='ocrx_word' id='word_1_35' title='bbox 2007 1294 2237 1363; x_wconf 91' lang='lat' dir='ltr'>multo</span> <span class='ocrx_word' id='word_1_36' title='bbox 2269 1293 2504 1362; x_wconf 91' lang='lat' dir='ltr'>maior</span> <span class='ocrx_word' id='word_1_37' title='bbox 2535 1315 2703 1383; x_wconf 91' lang='lat' dir='ltr'>pars</span> <span class='ocrx_word' id='word_1_38' title='bbox 2738 1297 2912 1362; x_wconf 89' lang='lat' dir='ltr'>Pae-</span> 
     </span>
     <span class='ocr_line' id='line_1_7' title="bbox 676 1419 2907 1510; baseline -0.001 -22"><span class='ocrx_word' id='word_1_39' title='bbox 676 1420 862 1509; x_wconf 86' lang='lat' dir='ltr'>ligni</span> <span class='ocrx_word' id='word_1_40' title='bbox 899 1420 993 1510; x_wconf 89' lang='lat'>(1)</span> <span class='ocrx_word' id='word_1_41' title='bbox 1028 1445 1089 1489; x_wconf 71' lang='lat'>1).</span> <span class='ocrx_word' id='word_1_42' title='bbox 1130 1420 1569 1489; x_wconf 76' lang='lat' dir='ltr'>Plutarchus</span> <span class='ocrx_word' id='word_1_43' title='bbox 1601 1419 1855 1488; x_wconf 80' lang='lat' dir='ltr'>eadem</span> <span class='ocrx_word' id='word_1_44' title='bbox 1889 1419 2149 1488; x_wconf 78' lang='lat' dir='ltr'>tradit:</span> <span class='ocrx_word' id='word_1_45' title='bbox 2198 1422 2466 1485; x_wconf 75' lang='grc' dir='ltr'>Σάλουιος</span> <span class='ocrx_word' id='word_1_46' title='bbox 2506 1423 2534 1476; x_wconf 73' lang='grc' dir='ltr'><strong>ὁ</strong></span> <span class='ocrx_word' id='word_1_47' title='bbox 2572 1427 2683 1477; x_wconf 79' lang='grc' dir='ltr'>τῶν</span> <span class='ocrx_word' id='word_1_48' title='bbox 2732 1419 2907 1480; x_wconf 83' lang='grc' dir='ltr'>Πελι-</span> 
     </span>
     <span class='ocr_line' id='line_1_8' title="bbox 673 1537 2909 1618; baseline -0.002 -21"><span class='ocrx_word' id='word_1_49' title='bbox 673 1548 810 1618; x_wconf 79' lang='grc' dir='ltr'>γνῶν</span> <span class='ocrx_word' id='word_1_50' title='bbox 844 1542 1153 1617; x_wconf 73' lang='grc' dir='ltr'>ἡγούμενος</span> <span class='ocrx_word' id='word_1_51' title='bbox 1185 1541 1425 1617; x_wconf 77' lang='grc' dir='ltr'>ἀρπάσας</span> <span class='ocrx_word' id='word_1_52' title='bbox 1470 1541 1532 1597; x_wconf 86' lang='grc' dir='ltr'>τὸ</span> <span class='ocrx_word' id='word_1_53' title='bbox 1585 1545 1813 1613; x_wconf 76' lang='grc' dir='ltr'>σημεῖον</span> <span class='ocrx_word' id='word_1_54' title='bbox 1844 1543 1949 1595; x_wconf 80' lang='grc' dir='ltr'>τῶν</span> <span class='ocrx_word' id='word_1_55' title='bbox 1981 1541 2063 1616; x_wconf 54' lang='grc' dir='ltr'>ὑφ’</span> <span class='ocrx_word' id='word_1_56' title='bbox 2090 1540 2254 1595; x_wconf 80' lang='grc' dir='ltr'>αὑτὸν</span> <span class='ocrx_word' id='word_1_57' title='bbox 2297 1538 2372 1601; x_wconf 68' lang='lat' dir='ltr'>sic:</span> <span class='ocrx_word' id='word_1_58' title='bbox 2422 1540 2549 1601; x_wconf 73' lang='grc' dir='ltr'>τοὺς</span> <span class='ocrx_word' id='word_1_59' title='bbox 2601 1537 2909 1612; x_wconf 80' lang='grc' dir='ltr'>πολεμίους</span> 
     </span>
     <span class='ocr_line' id='line_1_9' title="bbox 678 1645 2911 1737; baseline 0.002 -28"><span class='ocrx_word' id='word_1_60' title='bbox 678 1652 864 1728; x_wconf 73' lang='grc' dir='ltr'>ἔρριψε</span> <span class='ocrx_word' id='word_1_61' title='bbox 892 1675 1011 1711; x_wconf 57' lang='lat' dir='ltr'>zac.</span> <span class='ocrx_word' id='word_1_62' title='bbox 1036 1655 1093 1714; x_wconf 91' lang='grc' dir='ltr'>λ.</span> <span class='ocrx_word' id='word_1_63' title='bbox 1127 1649 1242 1737; x_wconf 82' lang='grc'>(2).</span> <span class='ocrx_word' id='word_1_64' title='bbox 1278 1651 1437 1716; x_wconf 85' lang='lat' dir='ltr'>Sex.</span> <span class='ocrx_word' id='word_1_65' title='bbox 1474 1647 1697 1715; x_wconf 91' lang='lat' dir='ltr'>lulius</span> <span class='ocrx_word' id='word_1_66' title='bbox 1728 1647 2145 1729; x_wconf 80' lang='lat' dir='ltr'>Frontinus,</span> <span class='ocrx_word' id='word_1_67' title='bbox 2178 1646 2263 1714; x_wconf 91' lang='lat' dir='ltr'>de</span> <span class='ocrx_word' id='word_1_68' title='bbox 2296 1645 2747 1714; x_wconf 90' lang='lat' dir='ltr'>restituenda</span> <span class='ocrx_word' id='word_1_69' title='bbox 2779 1666 2911 1734; x_wconf 92' lang='lat' dir='ltr'>per</span> 
     </span>
     <span class='ocr_line' id='line_1_10' title="bbox 680 1769 2907 1860; baseline 0.001 -23"><span class='ocrx_word' id='word_1_70' title='bbox 680 1772 1167 1840; x_wconf 77' lang='lat' dir='ltr'>constantiam</span> <span class='ocrx_word' id='word_1_71' title='bbox 1204 1773 1362 1840; x_wconf 89' lang='lat' dir='ltr'>acie</span> <span class='ocrx_word' id='word_1_72' title='bbox 1392 1772 1790 1860; x_wconf 12' lang='lat' dir='ltr'>‘disserena</span> <span class='ocrx_word' id='word_1_73' title='bbox 1837 1771 1952 1838; x_wconf 90' lang='lat' dir='ltr'>his</span> <span class='ocrx_word' id='word_1_74' title='bbox 1992 1769 2346 1860; x_wconf 86' lang='lat' dir='ltr'>exemplis</span> <span class='ocrx_word' id='word_1_75' title='bbox 2398 1772 2677 1839; x_wconf 88' lang='lat' dir='ltr'>utitur:</span> <span class='ocrx_word' id='word_1_76' title='bbox 2734 1775 2907 1839; x_wconf 91' lang='lat' dir='ltr'>Ser-</span> 
     </span>
     <span class='ocr_line' id='line_1_11' title="bbox 675 1896 2902 1987; baseline 0 -22"><span class='ocrx_word' id='word_1_77' title='bbox 675 1897 840 1965; x_wconf 88' lang='lat' dir='ltr'>vius</span> <span class='ocrx_word' id='word_1_78' title='bbox 870 1897 1172 1982; x_wconf 89' lang='lat' dir='ltr'>Tullius,</span> <span class='ocrx_word' id='word_1_79' title='bbox 1207 1898 1466 1966; x_wconf 86' lang='lat' dir='ltr'>Furius</span> <span class='ocrx_word' id='word_1_80' title='bbox 1502 1898 1852 1987; x_wconf 79' lang='lat' dir='ltr'>Agrippa,</span> <span class='ocrx_word' id='word_1_81' title='bbox 1886 1900 1960 1964; x_wconf 86' lang='grc' dir='ltr'>Τ.</span> <span class='ocrx_word' id='word_1_82' title='bbox 1999 1897 2386 1975; x_wconf 83' lang='lat' dir='ltr'>Quinctius</span> <span class='ocrx_word' id='word_1_83' title='bbox 2418 1896 2902 1986; x_wconf 82' lang='lat' dir='ltr'>CapitolinuS,</span> 
     </span>
     <span class='ocr_line' id='line_1_12' title="bbox 676 2022 2907 2111; baseline 0 -21"><span class='ocrx_word' id='word_1_84' title='bbox 676 2025 1070 2091; x_wconf 77' lang='lat' dir='ltr'>cunctante</span> <span class='ocrx_word' id='word_1_85' title='bbox 1103 2023 1447 2102; x_wconf 79' lang='lat' dir='ltr'>exercitU,</span> <span class='ocrx_word' id='word_1_86' title='bbox 1484 2024 1784 2111; x_wconf 88' lang='lat' dir='ltr'>signum</span> <span class='ocrx_word' id='word_1_87' title='bbox 1829 2023 1903 2090; x_wconf 89' lang='lat' dir='ltr'>in</span> <span class='ocrx_word' id='word_1_88' title='bbox 1932 2023 2176 2091; x_wconf 89' lang='lat' dir='ltr'>hostes</span> <span class='ocrx_word' id='word_1_89' title='bbox 2207 2022 2625 2106; x_wconf 82' lang='lat' dir='ltr'>eiecerunt3</span> <span class='ocrx_word' id='word_1_90' title='bbox 2671 2048 2704 2089; x_wconf 88' lang='lat'>«</span> <span class='ocrx_word' id='word_1_91' title='bbox 2739 2024 2907 2091; x_wconf 88' lang='lat' dir='ltr'>Sal-</span> 
     </span>
     <span class='ocr_line' id='line_1_13' title="bbox 674 2146 2909 2237; baseline 0 -23"><span class='ocrx_word' id='word_1_92' title='bbox 674 2148 838 2214; x_wconf 89' lang='lat' dir='ltr'>vius</span> <span class='ocrx_word' id='word_1_93' title='bbox 874 2146 1265 2235; x_wconf 85' lang='lat' dir='ltr'>Paelignus</span> <span class='ocrx_word' id='word_1_94' title='bbox 1286 2147 1476 2217; x_wconf 87' lang='lat' dir='ltr'>bello</span> <span class='ocrx_word' id='word_1_95' title='bbox 1505 2148 1788 2237; x_wconf 90' lang='lat' dir='ltr'>persico</span> <span class='ocrx_word' id='word_1_96' title='bbox 1811 2146 2003 2215; x_wconf 91' lang='lat' dir='ltr'>idem</span> <span class='ocrx_word' id='word_1_97' title='bbox 2037 2146 2208 2214; x_wconf 88' lang='lat' dir='ltr'>fecit</span> <span class='ocrx_word' id='word_1_98' title='bbox 2237 2148 2329 2235; x_wconf 89' lang='lat'>(3)</span> <span class='ocrx_word' id='word_1_99' title='bbox 2356 2171 2417 2214; x_wconf 69' lang='grc' dir='ltr'>ι).</span> <span class='ocrx_word' id='word_1_100' title='bbox 2443 2151 2633 2215; x_wconf 89' lang='lat' dir='ltr'>—In</span> <span class='ocrx_word' id='word_1_101' title='bbox 2658 2148 2909 2235; x_wconf 87' lang='lat' dir='ltr'>iugur-</span> 
     </span>
     <span class='ocr_line' id='line_1_14' title="bbox 673 2272 2903 2362; baseline -0 -19"><span class='ocrx_word' id='word_1_102' title='bbox 673 2275 879 2344; x_wconf 90' lang='lat' dir='ltr'>thino</span> <span class='ocrx_word' id='word_1_103' title='bbox 937 2274 1121 2344; x_wconf 89' lang='lat' dir='ltr'>bello</span> <span class='ocrx_word' id='word_1_104' title='bbox 1163 2275 1460 2354; x_wconf 78' lang='lat' dir='ltr'>MariUS,</span> <span class='ocrx_word' id='word_1_105' title='bbox 1498 2296 1694 2342; x_wconf 89' lang='lat' dir='ltr'>anno</span> <span class='ocrx_word' id='word_1_106' title='bbox 1740 2276 2074 2362; x_wconf 82' lang='lat' dir='ltr'>648s106,</span> <span class='ocrx_word' id='word_1_107' title='bbox 2135 2272 2408 2341; x_wconf 81' lang='lat' dir='ltr'>Sullam</span> <span class='ocrx_word' id='word_1_108' title='bbox 2443 2278 2903 2362; x_wconf 78' lang='lat' dir='ltr'>quaestorem</span> 
     </span>
     <span class='ocr_line' id='line_1_15' title="bbox 674 2396 2902 2486; baseline -0 -21"><span class='ocrx_word' id='word_1_109' title='bbox 674 2398 763 2465; x_wconf 89' lang='lat' dir='ltr'>ad</span> <span class='ocrx_word' id='word_1_110' title='bbox 798 2398 1170 2466; x_wconf 89' lang='lat' dir='ltr'>Bocchum</span> <span class='ocrx_word' id='word_1_111' title='bbox 1208 2419 1454 2486; x_wconf 84' lang='lat' dir='ltr'>regem</span> <span class='ocrx_word' id='word_1_112' title='bbox 1503 2396 1698 2484; x_wconf 84' lang='lat' dir='ltr'>legat</span> <span class='ocrx_word' id='word_1_113' title='bbox 1732 2400 1810 2465; x_wconf 93' lang='lat' dir='ltr'>ut</span> <span class='ocrx_word' id='word_1_114' title='bbox 1858 2397 2048 2464; x_wconf 91' lang='lat' dir='ltr'>inter</span> <span class='ocrx_word' id='word_1_115' title='bbox 2108 2417 2181 2463; x_wconf 89' lang='lat' dir='ltr'>se</span> <span class='ocrx_word' id='word_1_116' title='bbox 2229 2396 2315 2463; x_wconf 91' lang='lat' dir='ltr'>de</span> <span class='ocrx_word' id='word_1_117' title='bbox 2369 2397 2723 2484; x_wconf 77' lang='lat' dir='ltr'>Iugurtha</span> <span class='ocrx_word' id='word_1_118' title='bbox 2773 2418 2902 2485; x_wconf 92' lang='lat' dir='ltr'>per</span> 
     </span>
     <span class='ocr_line' id='line_1_16' title="bbox 673 2522 2899 2611; baseline 0.001 -22"><span class='ocrx_word' id='word_1_119' title='bbox 673 2522 979 2590; x_wconf 89' lang='lat' dir='ltr'>insidias</span> <span class='ocrx_word' id='word_1_120' title='bbox 1028 2522 1641 2611; x_wconf 87' lang='lat' dir='ltr'>apprehendendo</span> <span class='ocrx_word' id='word_1_121' title='bbox 1673 2522 2170 2589; x_wconf 89' lang='lat' dir='ltr'>conveniant:</span> <span class='ocrx_word' id='word_1_122' title='bbox 2216 2543 2250 2589; x_wconf 74' lang='lat' dir='ltr'>&lt;t</span> <span class='ocrx_word' id='word_1_123' title='bbox 2284 2524 2352 2588; x_wconf 91' lang='lat' dir='ltr'>Is</span> <span class='ocrx_word' id='word_1_124' title='bbox 2404 2522 2673 2589; x_wconf 90' lang='lat' dir='ltr'>missus</span> <span class='ocrx_word' id='word_1_125' title='bbox 2725 2543 2899 2591; x_wconf 90' lang='lat' dir='ltr'>cum</span> 
     </span>
     <span class='ocr_line' id='line_1_17' title="bbox 671 2645 2903 2734; baseline 0.001 -22"><span class='ocrx_word' id='word_1_126' title='bbox 671 2646 1034 2733; x_wconf 88' lang='lat' dir='ltr'>praesidio</span> <span class='ocrx_word' id='word_1_127' title='bbox 1058 2647 1387 2734; x_wconf 90' lang='lat' dir='ltr'>equitum</span> <span class='ocrx_word' id='word_1_128' title='bbox 1408 2649 1621 2734; x_wconf 90' lang='lat' dir='ltr'>atque</span> <span class='ocrx_word' id='word_1_129' title='bbox 1640 2645 2049 2734; x_wconf 88' lang='lat' dir='ltr'>peditum...</span> <span class='ocrx_word' id='word_1_130' title='bbox 2079 2667 2097 2726; x_wconf 89' lang='lat'>;</span> <span class='ocrx_word' id='word_1_131' title='bbox 2134 2648 2508 2734; x_wconf 86' lang='lat' dir='ltr'>praeterea</span> <span class='ocrx_word' id='word_1_132' title='bbox 2540 2646 2903 2734; x_wconf 85' lang='lat' dir='ltr'>sagittarii</span> 
     </span>
     <span class='ocr_line' id='line_1_18' title="bbox 672 2769 2906 2862; baseline 0.001 -23"><span class='ocrx_word' id='word_1_133' title='bbox 672 2773 741 2839; x_wconf 91' lang='lat' dir='ltr'>et</span> <span class='ocrx_word' id='word_1_134' title='bbox 770 2771 1032 2840; x_wconf 84' lang='lat' dir='ltr'>cohors</span> <span class='ocrx_word' id='word_1_135' title='bbox 1065 2770 1407 2861; x_wconf 83' lang='lat' dir='ltr'>paeligna</span> <span class='ocrx_word' id='word_1_136' title='bbox 1438 2792 1611 2839; x_wconf 92' lang='lat' dir='ltr'>cum</span> <span class='ocrx_word' id='word_1_137' title='bbox 1645 2769 2073 2839; x_wconf 88' lang='lat' dir='ltr'>velitaribus</span> <span class='ocrx_word' id='word_1_138' title='bbox 2103 2770 2357 2855; x_wconf 81' lang='lat' dir='ltr'>armiS‚</span> <span class='ocrx_word' id='word_1_139' title='bbox 2392 2769 2677 2840; x_wconf 88' lang='lat' dir='ltr'>itineris</span> <span class='ocrx_word' id='word_1_140' title='bbox 2734 2794 2906 2862; x_wconf 92' lang='lat' dir='ltr'>pro-</span> 
     </span>
     <span class='ocr_line' id='line_1_19' title="bbox 669 2895 1453 2985; baseline 0.001 -22"><span class='ocrx_word' id='word_1_141' title='bbox 669 2895 975 2985; x_wconf 88' lang='lat' dir='ltr'>perandi</span> <span class='ocrx_word' id='word_1_142' title='bbox 1008 2917 1229 2965; x_wconf 89' lang='lat' dir='ltr'>causa</span> <span class='ocrx_word' id='word_1_143' title='bbox 1264 2897 1381 2985; x_wconf 78' lang='lat'>(4).</span> <span class='ocrx_word' id='word_1_144' title='bbox 1420 2922 1453 2958; x_wconf 88' lang='lat'>»</span> 
     </span>
    </p>

    <p class='ocr_par' dir='ltr' id='par_1_3' title="bbox 583 3021 2900 4119">
     <span class='ocr_line' id='line_1_20' title="bbox 755 3021 2900 3113; baseline 0.002 -21"><span class='ocrx_word' id='word_1_145' title='bbox 755 3028 996 3113; x_wconf 90' lang='lat' dir='ltr'>Usque</span> <span class='ocrx_word' id='word_1_146' title='bbox 1048 3024 1137 3092; x_wconf 92' lang='lat' dir='ltr'>ad</span> <span class='ocrx_word' id='word_1_147' title='bbox 1167 3022 1440 3093; x_wconf 87' lang='lat' dir='ltr'>bellum</span> <span class='ocrx_word' id='word_1_148' title='bbox 1483 3021 1750 3091; x_wconf 91' lang='lat' dir='ltr'>sociale</span> <span class='ocrx_word' id='word_1_149' title='bbox 1807 3022 2317 3091; x_wconf 87' lang='lat' dir='ltr'>denuntiatum</span> <span class='ocrx_word' id='word_1_150' title='bbox 2389 3024 2748 3112; x_wconf 85' lang='lat' dir='ltr'>Paeligni,</span> <span class='ocrx_word' id='word_1_151' title='bbox 2821 3030 2900 3097; x_wconf 91' lang='lat' dir='ltr'>ut</span> 
     </span>
     <span class='ocr_line' id='line_1_21' title="bbox 662 3145 2897 3239; baseline 0.001 -22"><span class='ocrx_word' id='word_1_152' title='bbox 662 3147 908 3232; x_wconf 89' lang='lat' dir='ltr'>Marsi,</span> <span class='ocrx_word' id='word_1_153' title='bbox 945 3147 1366 3234; x_wconf 91' lang='lat' dir='ltr'>Marrucini,</span> <span class='ocrx_word' id='word_1_154' title='bbox 1403 3146 1771 3232; x_wconf 86' lang='lat' dir='ltr'>Frentani,</span> <span class='ocrx_word' id='word_1_155' title='bbox 1797 3147 1964 3225; x_wconf 93' lang='lat' dir='ltr'>etc.,</span> <span class='ocrx_word' id='word_1_156' title='bbox 1998 3145 2075 3213; x_wconf 90' lang='lat' dir='ltr'>in</span> <span class='ocrx_word' id='word_1_157' title='bbox 2106 3145 2638 3216; x_wconf 88' lang='lat' dir='ltr'>foederatorum</span> <span class='ocrx_word' id='word_1_158' title='bbox 2672 3171 2897 3239; x_wconf 92' lang='lat' dir='ltr'>popu-</span> 
     </span>
     <span class='ocr_line' id='line_1_22' title="bbox 583 3247 2892 3364; baseline 0.003 -23"><span class='ocrx_word' id='word_1_159' title='bbox 583 3251 591 3256; x_wconf 28' lang='lat'><em>*</em></span> <span class='ocrx_word' id='word_1_160' title='bbox 663 3273 900 3344; x_wconf 86' lang='lat' dir='ltr'>lorum</span> <span class='ocrx_word' id='word_1_161' title='bbox 933 3296 1239 3344; x_wconf 88' lang='lat' dir='ltr'>numero</span> <span class='ocrx_word' id='word_1_162' title='bbox 1274 3247 1859 3364; x_wconf 86' lang='lat' dir='ltr'>permanserunt,</span> <span class='ocrx_word' id='word_1_163' title='bbox 1897 3293 2131 3362; x_wconf 90' lang='lat' dir='ltr'>neque</span> <span class='ocrx_word' id='word_1_164' title='bbox 2165 3293 2552 3342; x_wconf 89' lang='lat' dir='ltr'>romanam</span> <span class='ocrx_word' id='word_1_165' title='bbox 2604 3275 2755 3343; x_wconf 91' lang='lat' dir='ltr'>ulla</span> <span class='ocrx_word' id='word_1_166' title='bbox 2805 3298 2892 3347; x_wconf 85' lang='lat' dir='ltr'>ex</span> 
     </span>
     <span class='ocr_line' id='line_1_23' title="bbox 662 3398 2892 3493; baseline 0 -22"><span class='ocrx_word' id='word_1_167' title='bbox 662 3406 865 3493; x_wconf 87' lang='lat' dir='ltr'>parte</span> <span class='ocrx_word' id='word_1_168' title='bbox 897 3401 1297 3489; x_wconf 85' lang='lat' dir='ltr'>attigerunt</span> <span class='ocrx_word' id='word_1_169' title='bbox 1325 3400 1727 3470; x_wconf 87' lang='lat' dir='ltr'>civitatem.</span> <span class='ocrx_word' id='word_1_170' title='bbox 1760 3398 1894 3466; x_wconf 86' lang='lat' dir='ltr'>Sed</span> <span class='ocrx_word' id='word_1_171' title='bbox 1922 3399 2069 3466; x_wconf 89' lang='lat' dir='ltr'>iarn</span> <span class='ocrx_word' id='word_1_172' title='bbox 2097 3399 2384 3466; x_wconf 86' lang='lat' dir='ltr'>romani</span> <span class='ocrx_word' id='word_1_173' title='bbox 2411 3420 2652 3469; x_wconf 89' lang='lat' dir='ltr'>mores</span> <span class='ocrx_word' id='word_1_174' title='bbox 2683 3403 2762 3471; x_wconf 90' lang='lat' dir='ltr'>in</span> <span class='ocrx_word' id='word_1_175' title='bbox 2786 3405 2892 3472; x_wconf 91' lang='lat' dir='ltr'>eis</span> 
     </span>
     <span class='ocr_line' id='line_1_24' title="bbox 662 3524 2895 3621; baseline 0 -23"><span class='ocrx_word' id='word_1_176' title='bbox 662 3529 1016 3621; x_wconf 90' lang='lat' dir='ltr'>paulatim</span> <span class='ocrx_word' id='word_1_177' title='bbox 1052 3526 1426 3595; x_wconf 88' lang='lat' dir='ltr'>mutandis</span> <span class='ocrx_word' id='word_1_178' title='bbox 1467 3525 1870 3615; x_wconf 89' lang='lat' dir='ltr'>plurimum</span> <span class='ocrx_word' id='word_1_179' title='bbox 1905 3524 2273 3593; x_wconf 88' lang='lat' dir='ltr'>valebant.</span> <span class='ocrx_word' id='word_1_180' title='bbox 2316 3526 2637 3595; x_wconf 84' lang='lat' dir='ltr'>Titulum</span> <span class='ocrx_word' id='word_1_181' title='bbox 2670 3550 2895 3620; x_wconf 90' lang='lat' dir='ltr'>supra</span> 
     </span>
     <span class='ocr_line' id='line_1_25' title="bbox 659 3654 2888 3726; baseline 0.001 -1"><span class='ocrx_word' id='word_1_182' title='bbox 659 3656 1053 3725; x_wconf 88' lang='lat' dir='ltr'>citavimus</span> <span class='ocrx_word' id='word_1_183' title='bbox 1136 3654 1507 3722; x_wconf 89' lang='lat' dir='ltr'>meddices</span> <span class='ocrx_word' id='word_1_184' title='bbox 1572 3654 1839 3722; x_wconf 90' lang='lat' dir='ltr'>tuticos</span> <span class='ocrx_word' id='word_1_185' title='bbox 1906 3654 2086 3721; x_wconf 90' lang='lat' dir='ltr'>duos</span> <span class='ocrx_word' id='word_1_186' title='bbox 2152 3661 2888 3726; x_wconf 88' lang='lat' dir='ltr'>commemorantem.</span> 
     </span>
     <span class='ocr_line' id='line_1_26' title="bbox 656 3769 2892 3871; baseline 0.001 -22"><span class='ocrx_word' id='word_1_187' title='bbox 656 3784 837 3850; x_wconf 87' lang='lat' dir='ltr'>Cum</span> <span class='ocrx_word' id='word_1_188' title='bbox 860 3785 1131 3848; x_wconf 89' lang='lat' dir='ltr'>Romae</span> <span class='ocrx_word' id='word_1_189' title='bbox 1158 3778 1340 3847; x_wconf 90' lang='lat' dir='ltr'>ratio</span> <span class='ocrx_word' id='word_1_190' title='bbox 1365 3782 1552 3847; x_wconf 87' lang='lat' dir='ltr'>esset</span> <span class='ocrx_word' id='word_1_191' title='bbox 1584 3779 1661 3845; x_wconf 92' lang='lat' dir='ltr'>ut</span> <span class='ocrx_word' id='word_1_192' title='bbox 1693 3798 1981 3866; x_wconf 90' lang='lat' dir='ltr'>semper</span> <span class='ocrx_word' id='word_1_193' title='bbox 2011 3769 2401 3866; x_wconf 84' lang='lat' dir='ltr'>imperium</span> <span class='ocrx_word' id='word_1_194' title='bbox 2429 3782 2892 3871; x_wconf 91' lang='lat' dir='ltr'>potestasque</span> 
     </span>
     <span class='ocr_line' id='line_1_27' title="bbox 655 3900 2884 3994; baseline -0 -20"><span class='ocrx_word' id='word_1_195' title='bbox 655 3905 1227 3994; x_wconf 86' lang='lat' dir='ltr'>magistratuum</span> <span class='ocrx_word' id='word_1_196' title='bbox 1258 3902 1591 3990; x_wconf 83' lang='lat' dir='ltr'>collegiis</span> <span class='ocrx_word' id='word_1_197' title='bbox 1624 3901 2108 3985; x_wconf 87' lang='lat' dir='ltr'>traderentur,</span> <span class='ocrx_word' id='word_1_198' title='bbox 2147 3900 2283 3969; x_wconf 92' lang='lat' dir='ltr'>hoc</span> <span class='ocrx_word' id='word_1_199' title='bbox 2336 3902 2757 3972; x_wconf 88' lang='lat' dir='ltr'>institutum</span> <span class='ocrx_word' id='word_1_200' title='bbox 2808 3906 2884 3973; x_wconf 90' lang='lat' dir='ltr'>in</span> 
     </span>
     <span class='ocr_line' id='line_1_28' title="bbox 652 4024 2889 4119; baseline -0.001 -19"><span class='ocrx_word' id='word_1_201' title='bbox 652 4030 974 4100; x_wconf 88' lang='lat' dir='ltr'>Sabellos</span> <span class='ocrx_word' id='word_1_202' title='bbox 996 4049 1282 4119; x_wconf 90' lang='lat' dir='ltr'>quoque</span> <span class='ocrx_word' id='word_1_203' title='bbox 1315 4028 1686 4096; x_wconf 90' lang='lat' dir='ltr'>invaserat</span> <span class='ocrx_word' id='word_1_204' title='bbox 1714 4026 1833 4116; x_wconf 78' lang='lat'>(5).</span> <span class='ocrx_word' id='word_1_205' title='bbox 1862 4024 2056 4094; x_wconf 92' lang='lat' dir='ltr'>Socii</span> <span class='ocrx_word' id='word_1_206' title='bbox 2079 4029 2334 4115; x_wconf 90' lang='lat' dir='ltr'>sponte</span> <span class='ocrx_word' id='word_1_207' title='bbox 2367 4048 2498 4095; x_wconf 92' lang='lat' dir='ltr'>sua</span> <span class='ocrx_word' id='word_1_208' title='bbox 2531 4027 2620 4096; x_wconf 89' lang='lat' dir='ltr'>ad</span> <span class='ocrx_word' id='word_1_209' title='bbox 2652 4050 2889 4099; x_wconf 87' lang='lat' dir='ltr'>exem·</span> 
     </span>
    </p>
   </div>
   <div class='ocr_carea' id='block_1_3' title="bbox 713 4295 1820 4762">
    <p class='ocr_par' dir='ltr' id='par_1_4' title="bbox 720 4295 1387 4370">
     <span class='ocr_line' id='line_1_29' title="bbox 720 4295 1387 4370; baseline -0.004 -18"><span class='ocrx_word' id='word_1_210' title='bbox 720 4297 799 4370; x_wconf 88' lang='lat'>(1)</span> <span class='ocrx_word' id='word_1_211' title='bbox 830 4298 970 4364; x_wconf 68' lang='lat' dir='ltr'>Lm,</span> <span class='ocrx_word' id='word_1_212' title='bbox 1001 4295 1179 4364; x_wconf 84' lang='lat' dir='ltr'>XLIV,</span> <span class='ocrx_word' id='word_1_213' title='bbox 1209 4298 1300 4351; x_wconf 88' lang='grc'>40.</span> <span class='ocrx_word' id='word_1_214' title='bbox 1381 4320 1387 4324; x_wconf 93' lang='grc'><strong>-</strong></span> 
     </span>
    </p>

    <p class='ocr_par' dir='ltr' id='par_1_5' title="bbox 713 4393 1820 4663">
     <span class='ocr_line' id='line_1_30' title="bbox 720 4393 1744 4468; baseline -0.002 -17"><span class='ocrx_word' id='word_1_215' title='bbox 720 4396 797 4468; x_wconf 79' lang='lat'>(2)</span> <span class='ocrx_word' id='word_1_216' title='bbox 825 4399 1159 4463; x_wconf 64' lang='lat' dir='ltr'><strong>PLUTARCH„</strong></span> <span class='ocrx_word' id='word_1_217' title='bbox 1195 4395 1391 4451; x_wconf 82' lang='lat' dir='ltr'>Aemil.</span> <span class='ocrx_word' id='word_1_218' title='bbox 1431 4393 1623 4462; x_wconf 70' lang='lat' dir='ltr'>Paul„</span> <span class='ocrx_word' id='word_1_219' title='bbox 1653 4397 1744 4451; x_wconf 85' lang='lat'>20.</span> 
     </span>
     <span class='ocr_line' id='line_1_31' title="bbox 716 4493 1820 4564; baseline -0.004 -16"><span class='ocrx_word' id='word_1_220' title='bbox 716 4494 792 4564; x_wconf 87' lang='lat'>(3)</span> <span class='ocrx_word' id='word_1_221' title='bbox 827 4495 1111 4561; x_wconf 63' lang='lat' dir='ltr'>Fnorzrm„</span> <span class='ocrx_word' id='word_1_222' title='bbox 1147 4493 1557 4562; x_wconf 60' lang='lat' dir='ltr'>Strateqemat„</span> <span class='ocrx_word' id='word_1_223' title='bbox 1590 4493 1656 4561; x_wconf 90' lang='lat'>11,</span> <span class='ocrx_word' id='word_1_224' title='bbox 1691 4494 1745 4557; x_wconf 90' lang='lat'>8,</span> <span class='ocrx_word' id='word_1_225' title='bbox 1767 4493 1820 4545; x_wconf 86' lang='lat'>4.</span> 
     </span>
     <span class='ocr_line' id='line_1_32' title="bbox 713 4591 1480 4663; baseline -0.001 -18"><span class='ocrx_word' id='word_1_226' title='bbox 713 4594 792 4663; x_wconf 84' lang='lat'>(4)</span> <span class='ocrx_word' id='word_1_227' title='bbox 824 4594 1006 4659; x_wconf 69' lang='lat' dir='ltr'>SALL„</span> <span class='ocrx_word' id='word_1_228' title='bbox 1034 4591 1321 4661; x_wconf 65' lang='lat' dir='ltr'>quurth„</span> <span class='ocrx_word' id='word_1_229' title='bbox 1355 4591 1480 4645; x_wconf 84' lang='lat'>106.</span> 
     </span>
    </p>

    <p class='ocr_par' dir='ltr' id='par_1_6' title="bbox 715 4689 1572 4762">
     <span class='ocr_line' id='line_1_33' title="bbox 715 4689 1572 4762; baseline 0.001 -18"><span class='ocrx_word' id='word_1_230' title='bbox 715 4689 793 4762; x_wconf 85' lang='lat'>(5)</span> <span class='ocrx_word' id='word_1_231' title='bbox 825 4691 1058 4759; x_wconf 73' lang='lat' dir='ltr'>BELocn,</span> <span class='ocrx_word' id='word_1_232' title='bbox 1088 4705 1177 4759; x_wconf 86' lang='lat' dir='ltr'>op.</span> <span class='ocrx_word' id='word_1_233' title='bbox 1213 4691 1286 4745; x_wconf 79' lang='lat' dir='ltr'>cit</span> <span class='ocrx_word' id='word_1_234' title='bbox 1317 4732 1330 4759; x_wconf 91' lang='lat'>,</span> <span class='ocrx_word' id='word_1_235' title='bbox 1363 4707 1422 4761; x_wconf 90' lang='lat' dir='ltr'>p.</span> <span class='ocrx_word' id='word_1_236' title='bbox 1453 4691 1572 4745; x_wconf 82' lang='lat'>159.</span> 
     </span>
    </p>
   </div>
  </div>
 </body>
</html>
