<?xml version="1.0" encoding="UTF-8"?>
<!DOCTYPE html PUBLIC "-//W3C//DTD XHTML 1.0 Transitional//EN"
    "http://www.w3.org/TR/xhtml1/DTD/xhtml1-transitional.dtd">
<html xmlns="http://www.w3.org/1999/xhtml" xml:lang="en" lang="en">
 <head>
  <title>
</title>
<meta http-equiv="Content-Type" content="text/html;charset=utf-8" />
  <meta name='ocr-system' content='tesseract 3.04.00' />
  <meta name='ocr-capabilities' content='ocr_page ocr_carea ocr_par ocr_line ocrx_word'/>
</head>
<body>
  <div class='ocr_page' id='page_1' title='image "./deregionepaelig00besngoog_0019.png"; bbox 0 0 3557 5559; ppageno 0'>
   <div class='ocr_carea' id='block_1_1' title="bbox 1399 1028 1987 1103">
    <p class='ocr_par' dir='ltr' id='par_1_1' title="bbox 1399 1028 1987 1103">
     <span class='ocr_line' id='line_1_1' title="bbox 1399 1028 1987 1103; baseline -0.005 0"><span class='ocrx_word' id='word_1_1' title='bbox 1399 1029 1637 1103; x_wconf 89' lang='lat' dir='ltr'>PARS</span> <span class='ocrx_word' id='word_1_2' title='bbox 1693 1028 1987 1101; x_wconf 85' lang='lat' dir='ltr'><strong>PRIMA</strong></span> 
     </span>
    </p>
   </div>
   <div class='ocr_carea' id='block_1_2' title="bbox 605 1315 2757 1404">
    <p class='ocr_par' dir='ltr' id='par_1_2' title="bbox 605 1315 2757 1404">
     <span class='ocr_line' id='line_1_2' title="bbox 605 1315 2757 1404; baseline 0 -30"><span class='ocrx_word' id='word_1_3' title='bbox 605 1315 998 1391; x_wconf 81' lang='lat' dir='ltr'><strong>Regionis</strong></span> <span class='ocrx_word' id='word_1_4' title='bbox 1032 1315 1628 1393; x_wconf 75' lang='lat' dir='ltr'><strong>Paelignorum</strong></span> <span class='ocrx_word' id='word_1_5' title='bbox 1659 1317 2245 1395; x_wconf 77' lang='lat' dir='ltr'><strong>geographica</strong></span> <span class='ocrx_word' id='word_1_6' title='bbox 2275 1317 2757 1404; x_wconf 75' lang='lat' dir='ltr'><strong>descriptio.</strong></span> 
     </span>
    </p>
   </div>
   <div class='ocr_carea' id='block_1_3' title="bbox 1503 1529 1819 1543">
    <p class='ocr_par' dir='ltr' id='par_1_3' title="bbox 1503 1529 1819 1543">
     <span class='ocr_line' id='line_1_3' title="bbox 1503 1529 1819 1543; baseline 0 0"><span class='ocrx_word' id='word_1_7' title='bbox 1503 1529 1819 1543; x_wconf 95' lang='lat' dir='ltr'><strong> </strong></span> 
     </span>
    </p>
   </div>
   <div class='ocr_carea' id='block_1_4' title="bbox 1272 1860 2070 1931">
    <p class='ocr_par' dir='ltr' id='par_1_4' title="bbox 1272 1860 2070 1931">
     <span class='ocr_line' id='line_1_4' title="bbox 1272 1860 2070 1931; baseline 0.003 -2"><span class='ocrx_word' id='word_1_8' title='bbox 1272 1860 1602 1930; x_wconf 82' lang='lat' dir='ltr'><strong>CAPUT</strong></span> <span class='ocrx_word' id='word_1_9' title='bbox 1656 1864 2070 1931; x_wconf 84' lang='lat' dir='ltr'>PRIMUM</span> 
     </span>
    </p>
   </div>
   <div class='ocr_carea' id='block_1_5' title="bbox 1331 2136 1996 2224">
    <p class='ocr_par' dir='ltr' id='par_1_5' title="bbox 1331 2136 1996 2224">
     <span class='ocr_line' id='line_1_5' title="bbox 1331 2136 1996 2224; baseline 0 -28"><span class='ocrx_word' id='word_1_10' title='bbox 1331 2136 1799 2224; x_wconf 28' lang='lat' dir='ltr'><strong>De-regioxnis</strong></span> <span class='ocrx_word' id='word_1_11' title='bbox 1831 2137 1996 2199; x_wconf 76' lang='lat' dir='ltr'><strong>situ.</strong></span> 
     </span>
    </p>
   </div>
   <div class='ocr_carea' id='block_1_6' title="bbox 532 2426 2781 4178">
    <p class='ocr_par' dir='ltr' id='par_1_6' title="bbox 532 2426 2781 4178">
     <span class='ocr_line' id='line_1_6' title="bbox 633 2426 2777 2537; baseline 0.001 -23"><span class='ocrx_word' id='word_1_12' title='bbox 633 2426 692 2514; x_wconf 83' lang='lat' dir='ltr'>N</span> <span class='ocrx_word' id='word_1_13' title='bbox 702 2448 1022 2515; x_wconf 87' lang='lat' dir='ltr'><strong>umerari</strong></span> <span class='ocrx_word' id='word_1_14' title='bbox 1090 2447 1325 2516; x_wconf 80' lang='lat' dir='ltr'><strong>solent</strong></span> <span class='ocrx_word' id='word_1_15' title='bbox 1384 2447 1710 2536; x_wconf 85' lang='lat' dir='ltr'><strong>Paeligni</strong></span> <span class='ocrx_word' id='word_1_16' title='bbox 1769 2447 2154 2516; x_wconf 88' lang='lat' dir='ltr'><strong>sabellicos</strong></span> <span class='ocrx_word' id='word_1_17' title='bbox 2207 2448 2399 2516; x_wconf 86' lang='lat' dir='ltr'><strong>inter</strong></span> <span class='ocrx_word' id='word_1_18' title='bbox 2447 2447 2777 2537; x_wconf 79' lang='lat' dir='ltr'><strong>popuIOS,</strong></span> 
     </span>
     <span class='ocr_line' id='line_1_7' title="bbox 545 2571 2781 2662; baseline 0.001 -23"><span class='ocrx_word' id='word_1_19' title='bbox 545 2571 668 2662; x_wconf 88' lang='lat' dir='ltr'><strong>qui</strong></span> <span class='ocrx_word' id='word_1_20' title='bbox 695 2571 933 2641; x_wconf 89' lang='lat' dir='ltr'><strong>media</strong></span> <span class='ocrx_word' id='word_1_21' title='bbox 957 2573 1032 2641; x_wconf 87' lang='lat' dir='ltr'><strong>in</strong></span> <span class='ocrx_word' id='word_1_22' title='bbox 1056 2573 1292 2653; x_wconf 81' lang='lat' dir='ltr'><strong>ltalia,</strong></span> <span class='ocrx_word' id='word_1_23' title='bbox 1319 2572 1610 2642; x_wconf 77' lang='lat' dir='ltr'><strong>Sabinis</strong></span> <span class='ocrx_word' id='word_1_24' title='bbox 1632 2576 1700 2642; x_wconf 86' lang='lat' dir='ltr'><strong>et</strong></span> <span class='ocrx_word' id='word_1_25' title='bbox 1732 2573 2190 2644; x_wconf 82' lang='lat' dir='ltr'><strong>Samnitibus</strong></span> <span class='ocrx_word' id='word_1_26' title='bbox 2218 2573 2546 2657; x_wconf 77' lang='lat' dir='ltr'><strong>finitimi,</strong></span> <span class='ocrx_word' id='word_1_27' title='bbox 2576 2595 2781 2642; x_wconf 89' lang='lat' dir='ltr'><strong>mon-</strong></span> 
     </span>
     <span class='ocr_line' id='line_1_8' title="bbox 540 2702 2780 2795; baseline 0 -24"><span class='ocrx_word' id='word_1_28' title='bbox 540 2704 714 2772; x_wconf 84' lang='lat' dir='ltr'><strong>tana</strong></span> <span class='ocrx_word' id='word_1_29' title='bbox 763 2724 963 2771; x_wconf 90' lang='lat' dir='ltr'><strong>nunc</strong></span> <span class='ocrx_word' id='word_1_30' title='bbox 1021 2705 1325 2773; x_wconf 80' lang='lat' dir='ltr'><strong>Abruzzi</strong></span> <span class='ocrx_word' id='word_1_31' title='bbox 1361 2702 1555 2773; x_wconf 86' lang='lat' dir='ltr'><strong>dicta</strong></span> <span class='ocrx_word' id='word_1_32' title='bbox 1624 2703 2047 2773; x_wconf 78' lang='lat' dir='ltr'><strong>incolebant</strong></span> <span class='ocrx_word' id='word_1_33' title='bbox 2078 2706 2201 2795; x_wconf 87' lang='lat'>(1).</span> <span class='ocrx_word' id='word_1_34' title='bbox 2246 2703 2597 2794; x_wconf 84' lang='lat' dir='ltr'><strong>Paeligna</strong></span> <span class='ocrx_word' id='word_1_35' title='bbox 2665 2725 2780 2772; x_wconf 91' lang='lat' dir='ltr'><strong>re-</strong></span> 
     </span>
     <span class='ocr_line' id='line_1_9' title="bbox 540 2830 2781 2923; baseline 0.001 -24"><span class='ocrx_word' id='word_1_36' title='bbox 540 2831 685 2920; x_wconf 85' lang='lat' dir='ltr'><strong>gio,</strong></span> <span class='ocrx_word' id='word_1_37' title='bbox 716 2832 970 2901; x_wconf 90' lang='lat' dir='ltr'><strong>novies</strong></span> <span class='ocrx_word' id='word_1_38' title='bbox 1002 2833 1254 2902; x_wconf 87' lang='lat' dir='ltr'><strong>decem</strong></span> <span class='ocrx_word' id='word_1_39' title='bbox 1294 2830 1498 2900; x_wconf 88' lang='lat' dir='ltr'><strong>milia</strong></span> <span class='ocrx_word' id='word_1_40' title='bbox 1530 2852 1884 2921; x_wconf 77' lang='lat' dir='ltr'><strong>passuum</strong></span> <span class='ocrx_word' id='word_1_41' title='bbox 1916 2832 2005 2902; x_wconf 89' lang='lat' dir='ltr'><strong>ab</strong></span> <span class='ocrx_word' id='word_1_42' title='bbox 2054 2832 2238 2902; x_wconf 88' lang='lat' dir='ltr'><strong>Urbe</strong></span> <span class='ocrx_word' id='word_1_43' title='bbox 2269 2832 2551 2902; x_wconf 81' lang='lat' dir='ltr'><strong>distans</strong></span> <span class='ocrx_word' id='word_1_44' title='bbox 2585 2833 2709 2923; x_wconf 81' lang='lat'><strong>(2),</strong></span> <span class='ocrx_word' id='word_1_45' title='bbox 2744 2854 2781 2901; x_wconf 91' lang='lat' dir='ltr'><strong>e</strong></span> 
     </span>
     <span class='ocr_line' id='line_1_10' title="bbox 540 2945 2781 3026; baseline 0 -2"><span class='ocrx_word' id='word_1_46' title='bbox 540 2956 773 3025; x_wconf 88' lang='lat' dir='ltr'><strong>tribus</strong></span> <span class='ocrx_word' id='word_1_47' title='bbox 807 2945 1176 3026; x_wconf 71' lang='lat' dir='ltr'><strong>sabellinis</strong></span> <span class='ocrx_word' id='word_1_48' title='bbox 1201 2956 1620 3025; x_wconf 84' lang='lat' dir='ltr'><strong>civitatibus</strong></span> <span class='ocrx_word' id='word_1_49' title='bbox 1650 2957 2052 3026; x_wconf 78' lang='lat' dir='ltr'><strong>constabat.</strong></span> <span class='ocrx_word' id='word_1_50' title='bbox 2079 2959 2155 3026; x_wconf 85' lang='lat' dir='ltr'><strong>C.</strong></span> <span class='ocrx_word' id='word_1_51' title='bbox 2195 2956 2476 3025; x_wconf 87' lang='lat' dir='ltr'><strong>Plinius</strong></span> <span class='ocrx_word' id='word_1_52' title='bbox 2498 2960 2781 3025; x_wconf 85' lang='lat' dir='ltr'><strong>Secun-</strong></span> 
     </span>
     <span class='ocr_line' id='line_1_11' title="bbox 539 3077 2778 3168; baseline 0.001 -22"><span class='ocrx_word' id='word_1_53' title='bbox 539 3077 672 3146; x_wconf 89' lang='lat' dir='ltr'><strong>dus</strong></span> <span class='ocrx_word' id='word_1_54' title='bbox 694 3078 773 3145; x_wconf 91' lang='lat' dir='ltr'><strong>in</strong></span> <span class='ocrx_word' id='word_1_55' title='bbox 794 3081 1147 3148; x_wconf 74' lang='lat' dir='ltr'><strong>Historiae</strong></span> <span class='ocrx_word' id='word_1_56' title='bbox 1169 3080 1536 3149; x_wconf 74' lang='lat' dir='ltr'><strong>Naturalis</strong></span> <span class='ocrx_word' id='word_1_57' title='bbox 1559 3079 1740 3149; x_wconf 87' lang='lat' dir='ltr'><strong>libro</strong></span> <span class='ocrx_word' id='word_1_58' title='bbox 1760 3080 1972 3149; x_wconf 84' lang='lat' dir='ltr'><strong>tertio</strong></span> <span class='ocrx_word' id='word_1_59' title='bbox 1991 3079 2076 3148; x_wconf 91' lang='lat' dir='ltr'><strong>de</strong></span> <span class='ocrx_word' id='word_1_60' title='bbox 2100 3080 2440 3168; x_wconf 86' lang='lat' dir='ltr'><strong>gentibus</strong></span> <span class='ocrx_word' id='word_1_61' title='bbox 2463 3080 2778 3168; x_wconf 84' lang='lat' dir='ltr'><strong>singulis</strong></span> 
     </span>
     <span class='ocr_line' id='line_1_12' title="bbox 541 3201 2776 3294; baseline 0.001 -24"><span class='ocrx_word' id='word_1_62' title='bbox 541 3223 725 3294; x_wconf 88' lang='lat' dir='ltr'><strong>quae</strong></span> <span class='ocrx_word' id='word_1_63' title='bbox 744 3201 821 3270; x_wconf 89' lang='lat' dir='ltr'><strong>in</strong></span> <span class='ocrx_word' id='word_1_64' title='bbox 840 3203 1044 3273; x_wconf 89' lang='lat' dir='ltr'><strong>Italia</strong></span> <span class='ocrx_word' id='word_1_65' title='bbox 1066 3204 1372 3294; x_wconf 86' lang='lat' dir='ltr'><strong>antiqua</strong></span> <span class='ocrx_word' id='word_1_66' title='bbox 1395 3207 1605 3273; x_wconf 88' lang='lat' dir='ltr'><strong>erant</strong></span> <span class='ocrx_word' id='word_1_67' title='bbox 1627 3204 2032 3272; x_wconf 87' lang='lat' dir='ltr'><strong>orationem</strong></span> <span class='ocrx_word' id='word_1_68' title='bbox 2061 3202 2301 3273; x_wconf 90' lang='lat' dir='ltr'><strong>habet.</strong></span> <span class='ocrx_word' id='word_1_69' title='bbox 2334 3228 2366 3269; x_wconf 87' lang='lat'>«</span> <span class='ocrx_word' id='word_1_70' title='bbox 2393 3203 2776 3291; x_wconf 83' lang='lat' dir='ltr'><strong>Paeligno-</strong></span> 
     </span>
     <span class='ocr_line' id='line_1_13' title="bbox 536 3330 2777 3421; baseline 0 -25"><span class='ocrx_word' id='word_1_71' title='bbox 536 3350 698 3397; x_wconf 88' lang='lat' dir='ltr'><strong>rum</strong></span> <span class='ocrx_word' id='word_1_72' title='bbox 721 3333 918 3417; x_wconf 88' lang='lat' dir='ltr'><strong>sunt,</strong></span> <span class='ocrx_word' id='word_1_73' title='bbox 934 3330 1202 3421; x_wconf 85' lang='lat' dir='ltr'><strong>inquit,</strong></span> <span class='ocrx_word' id='word_1_74' title='bbox 1219 3331 1730 3417; x_wconf 80' lang='lat' dir='ltr'><strong>CorfinienseS‚</strong></span> <span class='ocrx_word' id='word_1_75' title='bbox 1751 3330 2324 3421; x_wconf 88' lang='lat' dir='ltr'><strong>Superaequani,</strong></span> <span class='ocrx_word' id='word_1_76' title='bbox 2343 3331 2777 3398; x_wconf 87' lang='lat' dir='ltr'><strong>Sulmonen-</strong></span> 
     </span>
     <span class='ocr_line' id='line_1_14' title="bbox 535 3455 2776 3546; baseline 0.001 -24"><span class='ocrx_word' id='word_1_77' title='bbox 535 3475 648 3523; x_wconf 87' lang='lat' dir='ltr'><strong>ses</strong></span> <span class='ocrx_word' id='word_1_78' title='bbox 670 3457 763 3544; x_wconf 86' lang='lat'><strong>(3)</strong></span> <span class='ocrx_word' id='word_1_79' title='bbox 798 3480 860 3524; x_wconf 82' lang='lat'><strong>›).</strong></span> <span class='ocrx_word' id='word_1_80' title='bbox 896 3455 1031 3535; x_wconf 86' lang='lat' dir='ltr'><strong>Qui</strong></span> <span class='ocrx_word' id='word_1_81' title='bbox 1061 3456 1335 3525; x_wconf 84' lang='lat' dir='ltr'><strong>fuerint</strong></span> <span class='ocrx_word' id='word_1_82' title='bbox 1368 3456 1726 3543; x_wconf 81' lang='lat' dir='ltr'><strong>Paeligni,</strong></span> <span class='ocrx_word' id='word_1_83' title='bbox 1762 3456 1936 3546; x_wconf 90' lang='lat' dir='ltr'><strong>quid</strong></span> <span class='ocrx_word' id='word_1_84' title='bbox 1970 3456 2299 3535; x_wconf 81' lang='lat' dir='ltr'><strong>fecerint,</strong></span> <span class='ocrx_word' id='word_1_85' title='bbox 2328 3455 2500 3546; x_wconf 86' lang='lat' dir='ltr'><strong>quid</strong></span> <span class='ocrx_word' id='word_1_86' title='bbox 2534 3455 2776 3524; x_wconf 89' lang='lat' dir='ltr'><strong>value-</strong></span> 
     </span>
     <span class='ocr_line' id='line_1_15' title="bbox 535 3579 2773 3669; baseline 0 -22"><span class='ocrx_word' id='word_1_87' title='bbox 535 3579 630 3647; x_wconf 85' lang='lat' dir='ltr'><strong>rit</strong></span> <span class='ocrx_word' id='word_1_88' title='bbox 669 3599 1000 3669; x_wconf 88' lang='lat' dir='ltr'><strong>quaeque</strong></span> <span class='ocrx_word' id='word_1_89' title='bbox 1032 3579 1320 3663; x_wconf 80' lang='lat' dir='ltr'><strong>civitaS‚</strong></span> <span class='ocrx_word' id='word_1_90' title='bbox 1366 3580 1723 3668; x_wconf 81' lang='lat' dir='ltr'><strong>posterius</strong></span> <span class='ocrx_word' id='word_1_91' title='bbox 1771 3579 2209 3648; x_wconf 85' lang='lat' dir='ltr'><strong>videbimus.</strong></span> <span class='ocrx_word' id='word_1_92' title='bbox 2255 3582 2588 3648; x_wconf 86' lang='lat' dir='ltr'><strong>Ceterum</strong></span> <span class='ocrx_word' id='word_1_93' title='bbox 2624 3600 2773 3647; x_wconf 87' lang='lat' dir='ltr'><strong>non</strong></span> 
     </span>
     <span class='ocr_line' id='line_1_16' title="bbox 532 3703 2773 3794; baseline -0 -21"><span class='ocrx_word' id='word_1_94' title='bbox 532 3704 857 3773; x_wconf 89' lang='lat' dir='ltr'><strong>alienum</strong></span> <span class='ocrx_word' id='word_1_95' title='bbox 893 3704 1026 3772; x_wconf 84' lang='lat' dir='ltr'><strong>erit</strong></span> <span class='ocrx_word' id='word_1_96' title='bbox 1056 3704 1297 3791; x_wconf 82' lang='lat' dir='ltr'><strong>gentis</strong></span> <span class='ocrx_word' id='word_1_97' title='bbox 1322 3703 1669 3773; x_wconf 76' lang='lat' dir='ltr'><strong>historiae</strong></span> <span class='ocrx_word' id='word_1_98' title='bbox 1693 3704 2158 3794; x_wconf 78' lang='lat' dir='ltr'><strong>regionisque</strong></span> <span class='ocrx_word' id='word_1_99' title='bbox 2190 3704 2773 3793; x_wconf 83' lang='lat' dir='ltr'><strong>chorographiae</strong></span> 
     </span>
     <span class='ocr_line' id='line_1_17' title="bbox 534 3827 2768 3918; baseline -0.001 -19"><span class='ocrx_word' id='word_1_100' title='bbox 534 3828 1107 3918; x_wconf 83' lang='lat' dir='ltr'><strong>geographicam</strong></span> <span class='ocrx_word' id='word_1_101' title='bbox 1202 3828 1604 3918; x_wconf 89' lang='lat' dir='ltr'><strong>quamdam</strong></span> <span class='ocrx_word' id='word_1_102' title='bbox 1673 3827 2239 3918; x_wconf 84' lang='lat' dir='ltr'><strong>descriptionem</strong></span> <span class='ocrx_word' id='word_1_103' title='bbox 2295 3849 2768 3918; x_wconf 86' lang='lat' dir='ltr'><strong>praeponere.</strong></span> 
     </span>
     <span class='ocr_line' id='line_1_18' title="bbox 537 3951 2773 4043; baseline 0 -22"><span class='ocrx_word' id='word_1_104' title='bbox 537 3957 815 4027; x_wconf 83' lang='lat' dir='ltr'><strong>Gasune</strong></span> <span class='ocrx_word' id='word_1_105' title='bbox 857 3953 1135 4037; x_wconf 84' lang='lat' dir='ltr'><strong>factum</strong></span> <span class='ocrx_word' id='word_1_106' title='bbox 1196 3955 1303 4021; x_wconf 89' lang='lat' dir='ltr'><strong>est</strong></span> <span class='ocrx_word' id='word_1_107' title='bbox 1360 3954 1440 4028; x_wconf 88' lang='lat' dir='ltr'><strong>ut</strong></span> <span class='ocrx_word' id='word_1_108' title='bbox 1495 3974 1532 4021; x_wconf 91' lang='lat' dir='ltr'><strong>e</strong></span> <span class='ocrx_word' id='word_1_109' title='bbox 1565 3951 2142 4043; x_wconf 84' lang='lat' dir='ltr'><strong>Corfiniensibus</strong></span> <span class='ocrx_word' id='word_1_110' title='bbox 2187 3953 2773 4043; x_wconf 87' lang='lat' dir='ltr'><strong>Superaequanis</strong></span> 
     </span>
     <span class='ocr_line' id='line_1_19' title="bbox 534 4076 2768 4178; baseline -0.001 -29"><span class='ocrx_word' id='word_1_111' title='bbox 534 4078 1149 4149; x_wconf 85' lang='lat' dir='ltr'><strong>Sulmonensibus</strong></span> <span class='ocrx_word' id='word_1_112' title='bbox 1178 4078 1487 4168; x_wconf 88' lang='lat' dir='ltr'><strong>populus</strong></span> <span class='ocrx_word' id='word_1_113' title='bbox 1537 4099 1730 4178; x_wconf 87' lang='lat' dir='ltr'><strong>unus</strong></span> <span class='ocrx_word' id='word_1_114' title='bbox 1781 4076 2155 4162; x_wconf 84' lang='lat' dir='ltr'><strong>exstiterit,</strong></span> <span class='ocrx_word' id='word_1_115' title='bbox 2203 4099 2243 4147; x_wconf 89' lang='lat' dir='ltr'><strong>a</strong></span> <span class='ocrx_word' id='word_1_116' title='bbox 2290 4077 2556 4146; x_wconf 86' lang='lat' dir='ltr'><strong>vicinis</strong></span> <span class='ocrx_word' id='word_1_117' title='bbox 2595 4098 2768 4147; x_wconf 89' lang='lat' dir='ltr'><strong>con-</strong></span> 
     </span>
    </p>
   </div>
   <div class='ocr_carea' id='block_1_7' title="bbox 533 4308 2766 4481">
    <p class='ocr_par' dir='ltr' id='par_1_7' title="bbox 533 4308 2766 4481">
     <span class='ocr_line' id='line_1_20' title="bbox 603 4308 2765 4384; baseline 0.003 -21"><span class='ocrx_word' id='word_1_118' title='bbox 603 4308 680 4381; x_wconf 94' lang='lat'><strong>(1)</strong></span> <span class='ocrx_word' id='word_1_119' title='bbox 712 4311 807 4364; x_wconf 79' lang='lat' dir='ltr'><strong>Ta.</strong></span> <span class='ocrx_word' id='word_1_120' title='bbox 844 4311 1132 4379; x_wconf 64' lang='lat' dir='ltr'><strong>Mommsen,</strong></span> <span class='ocrx_word' id='word_1_121' title='bbox 1157 4310 1247 4365; x_wconf 85' lang='lat' dir='ltr'><strong>die</strong></span> <span class='ocrx_word' id='word_1_122' title='bbox 1282 4311 1739 4367; x_wconf 80' lang='lat' dir='ltr'><strong>Unteritalischen</strong></span> <span class='ocrx_word' id='word_1_123' title='bbox 1767 4309 2035 4378; x_wconf 82' lang='lat' dir='ltr'><strong>Dialekte,</strong></span> <span class='ocrx_word' id='word_1_124' title='bbox 2066 4309 2313 4384; x_wconf 87' lang='lat' dir='ltr'><strong>Leipzig,</strong></span> <span class='ocrx_word' id='word_1_125' title='bbox 2351 4314 2504 4381; x_wconf 83' lang='lat'><strong>1850,</strong></span> <span class='ocrx_word' id='word_1_126' title='bbox 2537 4328 2594 4383; x_wconf 93' lang='lat' dir='ltr'><strong>p.</strong></span> <span class='ocrx_word' id='word_1_127' title='bbox 2642 4313 2765 4369; x_wconf 81' lang='lat'><strong>327.</strong></span> 
     </span>
     <span class='ocr_line' id='line_1_21' title="bbox 533 4408 2766 4481; baseline 0.002 -21"><span class='ocrx_word' id='word_1_128' title='bbox 533 4437 600 4448; x_wconf 95' lang='lat'>—</span> <span class='ocrx_word' id='word_1_129' title='bbox 624 4409 709 4463; x_wconf 90' lang='lat' dir='ltr'><strong>W.</strong></span> <span class='ocrx_word' id='word_1_130' title='bbox 735 4409 968 4477; x_wconf 68' lang='lat' dir='ltr'><strong>Darem,</strong></span> <span class='ocrx_word' id='word_1_131' title='bbox 1002 4408 1061 4463; x_wconf 89' lang='lat' dir='ltr'><strong>in</strong></span> <span class='ocrx_word' id='word_1_132' title='bbox 1098 4426 1109 4463; x_wconf 91' lang='lat'>:</span> <span class='ocrx_word' id='word_1_133' title='bbox 1147 4410 1391 4478; x_wconf 69' lang='lat' dir='ltr'><strong>Gaossua,</strong></span> <span class='ocrx_word' id='word_1_134' title='bbox 1428 4409 1733 4465; x_wconf 79' lang='lat' dir='ltr'><strong>Grundriss</strong></span> <span class='ocrx_word' id='word_1_135' title='bbox 1763 4410 1861 4465; x_wconf 85' lang='lat' dir='ltr'><strong>der</strong></span> <span class='ocrx_word' id='word_1_136' title='bbox 1891 4411 2274 4467; x_wconf 83' lang='lat' dir='ltr'><strong>romanischen</strong></span> <span class='ocrx_word' id='word_1_137' title='bbox 2303 4411 2629 4481; x_wconf 73' lang='lat' dir='ltr'><strong>Philoloqie,</strong></span> <span class='ocrx_word' id='word_1_138' title='bbox 2657 4414 2699 4465; x_wconf 86' lang='lat' dir='ltr'><strong>t.</strong></span> <span class='ocrx_word' id='word_1_139' title='bbox 2724 4413 2766 4478; x_wconf 85' lang='grc' dir='ltr'><strong>Ι,</strong></span> 
     </span>
    </p>
   </div>
   <div class='ocr_carea' id='block_1_8' title="bbox 448 4504 1345 4579">
    <p class='ocr_par' dir='ltr' id='par_1_8' title="bbox 448 4504 1345 4579">
     <span class='ocr_line' id='line_1_22' title="bbox 448 4504 1345 4579; baseline 0.004 -21"><span class='ocrx_word' id='word_1_140' title='bbox 448 4525 454 4533; x_wconf 94' lang='grc'><em>·</em></span> <span class='ocrx_word' id='word_1_141' title='bbox 533 4504 895 4578; x_wconf 80' lang='lat' dir='ltr'><strong>Strassburg,</strong></span> <span class='ocrx_word' id='word_1_142' title='bbox 933 4505 1092 4576; x_wconf 90' lang='lat'><strong>1888,</strong></span> <span class='ocrx_word' id='word_1_143' title='bbox 1124 4524 1188 4579; x_wconf 87' lang='lat' dir='ltr'><strong>p.</strong></span> <span class='ocrx_word' id='word_1_144' title='bbox 1217 4505 1345 4563; x_wconf 88' lang='grc'><strong>340.</strong></span> 
     </span>
    </p>
   </div>
   <div class='ocr_carea' id='block_1_9' title="bbox 605 4603 1613 4775">
    <p class='ocr_par' dir='ltr' id='par_1_9' title="bbox 605 4603 1613 4775">
     <span class='ocr_line' id='line_1_23' title="bbox 605 4603 1452 4679; baseline 0.009 -22"><span class='ocrx_word' id='word_1_145' title='bbox 605 4603 689 4675; x_wconf 80' lang='grc'><strong>(2)</strong></span> <span class='ocrx_word' id='word_1_146' title='bbox 720 4604 905 4674; x_wconf 86' lang='lat' dir='ltr'><strong>Ovm.‚</strong></span> <span class='ocrx_word' id='word_1_147' title='bbox 940 4608 1122 4676; x_wconf 62' lang='lat' dir='ltr'><strong>Trist„</strong></span> <span class='ocrx_word' id='word_1_148' title='bbox 1156 4607 1245 4675; x_wconf 86' lang='lat' dir='ltr'><strong>IV,</strong></span> <span class='ocrx_word' id='word_1_149' title='bbox 1281 4607 1367 4679; x_wconf 87' lang='grc'><strong>10,</strong></span> <span class='ocrx_word' id='word_1_150' title='bbox 1400 4612 1452 4665; x_wconf 89' lang='grc'><strong>3.</strong></span> 
     </span>
     <span class='ocr_line' id='line_1_24' title="bbox 607 4701 1613 4775; baseline 0.005 -19"><span class='ocrx_word' id='word_1_151' title='bbox 607 4701 678 4774; x_wconf 88' lang='grc'><strong>(3)</strong></span> <span class='ocrx_word' id='word_1_152' title='bbox 714 4705 889 4774; x_wconf 64' lang='lat' dir='ltr'><strong>pm„</strong></span> <span class='ocrx_word' id='word_1_153' title='bbox 920 4706 1062 4759; x_wconf 80' lang='lat' dir='ltr'><strong>Hisc.</strong></span> <span class='ocrx_word' id='word_1_154' title='bbox 1094 4705 1246 4775; x_wconf 63' lang='lat' dir='ltr'><strong>Nat„</strong></span> <span class='ocrx_word' id='word_1_155' title='bbox 1278 4707 1371 4773; x_wconf 93' lang='lat'>111,</span> <span class='ocrx_word' id='word_1_156' title='bbox 1407 4707 1494 4774; x_wconf 85' lang='lat'><strong>12,</strong></span> <span class='ocrx_word' id='word_1_157' title='bbox 1527 4705 1613 4761; x_wconf 82' lang='lat'><strong>17.</strong></span> 
     </span>
    </p>
   </div>
  </div>
 </body>
</html>
