3557 5559
1589 559 1946 627 ...37-

641 761 939 850 repente
970 758 1050 826 in
1076 757 1465 847 Paelignos
1497 758 1801 828 vertisse
1831 757 1951 851 (1).
1990 762 2383 851 Nunquam
2419 765 2631 831 antea
2656 784 2883 854 popu-

638 887 753 955 lus
786 886 904 955 ille
935 887 1218 976 partem
1252 884 1480 953 ullam
1514 884 1875 954 bellorum
1909 889 2037 956 aut
2067 888 2529 975 negotiorum
2566 910 2750 980 quae
2792 891 2881 958 ad

638 1014 1005 1079 Romanos
1054 1012 1478 1100 ceterosque
1511 1008 1758 1078 Italiae
1801 1010 2083 1079 incolas
2115 1011 2580 1102 pertinebant
2614 1012 2879 1101 attigit,

637 1136 932 1225 ignotus
980 1126 1280 1227 quidem
1332 1136 1409 1203 in
1462 1136 1836 1204 montibus
1886 1137 2036 1204 suis
2087 1142 2156 1206 et
2210 1137 2622 1227 inglorius:
2661 1160 2880 1230 quem

566 1302 569 1305 2
636 1259 899 1329 deinde
941 1259 1244 1328 incessit
1296 1259 1607 1349 superba
1657 1260 1924 1350 cupido
1978 1260 2190 1331 initia
2247 1283 2377 1330 sua
2416 1262 2880 1332 nobilitandi.

637 1389 938 1458 Ovidius
970 1392 1158 1458 Naso
1200 1392 1270 1458 et
1309 1388 1524 1457 Silius
1563 1387 1861 1458 Italicus
1912 1410 2142 1480 usque
2173 1411 2216 1459 a
2251 1391 2682 1481 Troiugenis
2732 1392 2884 1482 pri-

637 1517 921 1586 mordia
980 1516 1354 1585 Sulmonis
1420 1520 1763 1606 repetunt
1816 1539 1830 1582 ε
1889 1518 2168 1603 urbem,
2222 1518 2455 1598 aiunt,
2500 1518 2882 1611 Solymum

635 1645 1059 1736 quemdam,
1102 1647 1390 1712 Aeneae
1430 1643 1804 1729 comitem,
1848 1643 2301 1713 condidisse:

998 1809 1169 1864 Serus
1201 1808 1273 1863 ab
1305 1806 1510 1876 IliaciS,
1542 1812 1598 1863 et
1627 1814 1758 1880 post
1788 1809 2107 1877 Antenora,
2140 1809 2398 1865 flammis

1196 1905 1404 1960 Attulit
1433 1908 1654 1961 Aeneas
1686 1904 1743 1960 in
1774 1907 1901 1962 loca
1932 1913 2133 1962 nostra
2161 1908 2316 1963 deos,

977 2004 1155 2060 Huius
1187 2010 1308 2060 erat
1343 2006 1607 2076 Solymus
1637 2004 1885 2078 Phrygia
1914 2022 2107 2061 comes
2140 2007 2301 2062 exsul
2332 2006 2404 2061 ab
2434 2008 2552 2076 Ida,

1203 2104 1251 2158 A
1282 2118 1396 2173 quo
1428 2101 1723 2159 Sulmonis
1754 2102 1987 2159 moenia
2014 2119 2228 2160 nomen
2260 2104 2478 2160 habent
2517 2104 2619 2176 (2).

982 2275 1222 2330 Nomine
1250 2275 1520 2329 rhoetaeo
1554 2274 1825 2347 Solymus
1858 2291 1872 2330 ε
1906 2291 2044 2330 nam
2074 2275 2330 2330 dardana
2363 2275 2548 2348 orig0,

988 2375 1057 2428 Et
1090 2372 1329 2445 phrygio
1362 2390 1540 2445 genus
1581 2390 1615 2428 a
1644 2389 1877 2445 proav0‚
1912 2373 2033 2446 qui,
2066 2379 2289 2446 sceptra
2320 2380 2546 2430 secutus

986 2474 1234 2540 Aeneae,
1267 2471 1486 2526 claram
1520 2471 1700 2526 muris
1730 2471 2069 2527 fundaverat
2098 2472 2300 2527 urbem

988 2572 1063 2625 Ex
1097 2586 1221 2625 sese
1249 2569 1462 2626 dictam
1498 2571 1771 2642 Solymon
1801 2587 1814 2640 ;
1848 2571 2140 2626 celebrata
2176 2571 2394 2626 colonis

974 2673 1103 2727 Mox
1142 2670 1293 2726 italis
1325 2670 1610 2743 paulatim
1642 2669 1857 2727 adtrito
1888 2670 2121 2727 nomine
2152 2672 2351 2728 Sulmo
2385 2671 2482 2745 (3).

712 2818 1018 2888 Fabulas
1051 2817 1389 2907 garriunt
1428 2818 1706 2906 poetae.
1755 2815 2058 2906 Solymi,
2095 2838 2409 2906 quorum
2460 2838 2730 2886 nomen
2770 2818 2862 2887 ad

624 2944 994 3014 Sulmonis
1026 2942 1590 3012 similitudinem
1626 2941 2043 3027 accedebat,
2071 2942 2147 3010 in
2177 2943 2345 3024 Asia
2378 2943 2730 3012 Pisidiam
2754 2944 2864 3012 in-

623 3070 962 3140 colebant
993 3070 1116 3161 (4).
1143 3069 1359 3139 Italos
1391 3068 1715 3155 iuvabat,
1751 3068 2222 3158 imperatoria
2244 3072 2504 3155 aetate,
2538 3069 2858 3159 priscam

624 3220 834 3268 suam
875 3197 1259 3267 historiam
1328 3217 1499 3265 cum
1569 3198 2019 3265 Graecorum
2087 3194 2567 3286 amplissimis
2641 3195 2858 3265 rebus

619 3324 954 3393 miscere.
993 3328 1496 3392 Romanarum
1539 3342 1786 3391 rerum
1828 3320 2125 3390 initium
2158 3342 2201 3389 a
2233 3321 2459 3389 troico
2498 3319 2689 3390 bello
2720 3341 2856 3388 no-

618 3449 934 3535 tabatur,
968 3452 1063 3536 et,
1098 3470 1270 3518 cum
1295 3448 1582 3519 futurae
1615 3453 1889 3517 Romae
1912 3447 2133 3516 situm
2167 3450 2448 3517 Aeneas
2478 3447 2634 3537 ipse
2665 3446 2855 3516 invi-

618 3579 853 3657 sisset,
890 3579 1224 3667 singulae
1255 3578 1502 3647 Italiae
1532 3580 1787 3667 gentes
1819 3579 1945 3646 aut
1974 3576 2190 3647 urbes
2220 3575 2761 3646 contendebant
2780 3597 2856 3645 se

615 3705 981 3795 originem
1013 3706 1105 3775 ab
1135 3709 1421 3774 Aeneae
1453 3704 1844 3774 comitibus
1877 3704 2207 3773 traxisse.
2243 3703 2502 3772 Marsis
2532 3702 2707 3771 item
2742 3724 2857 3772 re-

616 3830 850 3900 latum
883 3833 991 3899 est
1011 3851 1098 3899 ex
1119 3828 1288 3899 Asia
1313 3828 1671 3918 profectos
1694 3849 1847 3897 esse
1872 3828 1965 3919 (5)
1985 3849 1999 3910 ;
2026 3849 2207 3918 quas
2229 3826 2510 3896 fabulas
2532 3825 2853 3896 subiece-

613 3958 789 4024 runt
827 3954 1106 4044 patrius
1147 3974 1354 4022 amor
1392 3956 1462 4021 et
1497 3951 1887 4022 verborum
1918 3951 2289 4033 vicinitaS,
2325 3969 2578 4019 earum
2631 3949 2852 4017 ratio-

616 4100 790 4149 nem
830 4098 1375 4168 numerumque
1407 4076 1719 4146 minime
1749 4076 2181 4147 habeamus.

683 4283 759 4356 (1)
791 4284 936 4352 L1v.,
965 4283 1080 4351 VII,
1110 4283 1196 4339 38.

684 4382 763 4455 (2)
792 4384 973 4449 Ov1n.,
1011 4382 1183 4450 Fast„
1215 4382 1303 4448 IV,
1340 4384 1424 4436 77.

683 4480 756 4551 (3)
788 4480 898 4536 Su„
931 4479 1204 4548 mmlx,
1231 4480 1320 4553 72.

684 4577 762 4650 (4)
793 4579 974 4644 P1.1N.,
1005 4578 1146 4633 Hist.
1180 4577 1335 4645 Nat„
1364 4578 1429 4646 V,
1463 4580 1553 4634 24.
1585 4606 1654 4619 —
1683 4577 1909 4645 STRAB„
1936 4578 2054 4644 XII,
2079 4594 2135 4649 p.
2171 4579 2293 4632 573.

687 4676 761 4748 (5)
794 4678 968 4741 Puu„
1003 4677 1146 4731 Hist.
1182 4677 1337 4743 Nat„
1369 4678 1470 4747 111,
1504 4676 1643 4745 108;
1675 4705 1744 4720 ·-
1776 4676 1888 4732 Su„
1921 4676 2089 4745 lun„
2117 4676 2236 4745 VII,
2268 4676 2390 4731 504.
