3557 5559
1595 579 1950 648 -39-

656 787 865 869 rant3
903 785 1273 852 Pel-inam
1332 782 1543 853 deam
1577 783 2122 854 venerabantur
2151 783 2510 875 Paeligni.
2550 786 2702 855 Sibi
2734 808 2895 877 per-

653 911 1044 978 suaserunt
1097 907 1365 999 eruditi
1425 909 1739 978 Romani
1797 930 2032 979 unum
2082 931 2118 978 e
2173 910 2523 999 PelasgiS,
2585 912 2890 982 nomine

652 1036 1004 1115 Pelicum,
1032 1030 1552 1125 Paelignorum
1577 1037 2120 1128 progenitorem
2142 1037 2365 1106 fuisse
2392 1060 2408 1118 ;
2434 1059 2620 1130 quae
2642 1040 2888 1130 opinio

652 1164 1084 1236 auctoritate
1142 1167 1366 1250 caret,
1419 1185 1596 1233 nam
1657 1164 2022 1255 ‘vocabula
2081 1158 2273 1235 inter
2324 1188 2399 1235 se
2458 1172 2887 1256 comparata

651 1289 988 1380 prosodia
1039 1289 1529 1376 dissentiunt3
1564 1289 1642 1357 in
1685 1289 1799 1358 his
1847 1290 2087 1360 verbis
2127 1291 2443 1380 (Peliyni
2486 1292 2601 1362 vel
2654 1294 2895 1382 potius

651 1419 984 1505 Paeliyni
1017 1417 1136 1508 (1),
1161 1416 1405 1487 Pelina
1434 1414 1600 1506 dea)
1631 1417 1916 1508 syllaba
1946 1421 2070 1489 Pel
2092 1456 2180 1469 —
2210 1418 2435 1508 longa
2465 1422 2597 1498 est,
2633 1419 2712 1487 in
2746 1419 2896 1489 illis

652 1543 982 1632 (Pelasgi,
1018 1545 1317 1613 Pelinna
1360 1543 1559 1634 urbs)
1597 1543 1865 1613 brevis,
1894 1546 2089 1624 Quae
2123 1566 2295 1613 cum
2327 1545 2429 1614 ita
2457 1545 2627 1628 sint,
2655 1545 2893 1614 Paeli-
2929 1558 2932 1561 ·

651 1689 966 1757 gnorum
1002 1690 1275 1738 nomen
1318 1670 1638 1759 profecto
1671 1671 1761 1740 ab
1804 1669 1949 1740 alia
1979 1671 2138 1740 basi
2188 1671 2494 1741 ductum
2526 1674 2633 1741 est
2663 1692 2888 1762 quam

650 1817 918 1866 nomen
957 1797 1454 1886 Pelasgorum.
1492 1801 1821 1868 Fortasse
1853 1798 2114 1888 priscis
2154 1800 2606 1890 temporibus
2638 1797 2889 1891 populi

652 1942 911 2012 parum
967 1923 1144 2001 noti,
1197 1922 1499 1991 nomine
1551 1922 1860 2012 Pelasgi,
1914 1925 2040 2014 qui
2100 1924 2609 1994 Mediterranei
2660 1925 2886 1993 maris

648 2048 863 2118 litora
894 2070 1122 2139 paene
1163 2050 1414 2118 omnia
1449 2053 2044 2138 peragraverunt,
2078 2051 2154 2118 in
2188 2051 2566 2140 paelignas
2598 2071 2886 2141 quoque

648 2180 878 2245 terras
930 2176 1377 2265 irruperunt.
1423 2179 1614 2257 Quos
1657 2176 1932 2245 iniuria
1990 2177 2387 2247 credebant
2442 2181 2722 2246 veteres
2771 2197 2885 2244 re-

646 2300 850 2388 gioni
897 2304 1167 2368 nomen
1222 2322 1438 2368 suum
1479 2300 1790 2385 dedisse,
1826 2301 2035 2389 quasi
2069 2298 2402 2388 Paeligni
2454 2300 2736 2388 Pelasgi
2766 2319 2885 2368 es-

645 2428 807 2494 sent
837 2447 922 2494 ex
954 2412 1197 2516 Illy'iia
1238 2425 1606 2513 emigrati.

731 2550 890 2619 Alio
924 2551 1138 2620 modo
1169 2551 1445 2626 civium
1481 2572 1782 2619 suorum
1825 2550 2148 2640 origines
2182 2549 2509 2631 Ovidius,
2545 2550 2620 2619 in
2672 2548 2881 2619 tertio

645 2672 830 2744 libro
885 2680 1279 2754 Fastorum,
1333 2676 1672 2764 explicat.
1728 2678 2085 2756 Quartum
2135 2676 2313 2744 anni
2364 2696 2721 2760 mensem,
2766 2674 2881 2741 in·

646 2800 827 2891 quit,
873 2800 1228 2889 Paeligni,
1270 2800 1576 2891 perinde
1608 2821 1693 2872 ac
1735 2801 2019 2888 Sabini,
2054 2801 2270 2871 Marti
2308 2801 2443 2871 deo
2491 2800 2879 2871 dedicave-

644 2931 810 2998 rant
841 2948 857 2997 ε

1064 3152 1131 3207 Et
1157 3150 1264 3207 tibi
1295 3167 1429 3207 cum
1459 3148 1706 3223 proaviS,
1734 3148 1903 3207 miles
1931 3147 2224 3222 Paeligne,
2258 3146 2485 3206 Sabinis

1173 3249 1515 3308 Convenit...
1547 3249 1625 3323 (2)

725 3462 808 3527 In
840 3479 1152 3527 numero
1181 3457 1516 3545 gentium
1549 3476 1587 3526 e
1626 3455 1882 3526 sabina
1912 3455 2134 3547 stirpe
2164 3453 2646 3524 oriundarum
2692 3460 2876 3525 Pae-

633 3581 871 3672 lignos
914 3582 1120 3651 ducit
1184 3583 1423 3671 poeta.
1476 3585 1572 3649 Ea
1613 3578 1911 3669 quidem
1954 3579 2202 3670 opinio
2254 3578 2344 3647 ad
2384 3596 2639 3646 verum
2700 3594 2875 3664 pro-

636 3710 800 3800 pius
830 3708 1137 3778 accedit.
1199 3710 1616 3797 Antequam
1673 3706 1989 3776 Romani
2044 3705 2441 3795 imperium
2510 3722 2729 3772 suum
2780 3700 2870 3770 ad

635 3836 860 3906 maris
880 3835 1233 3906 Adriatici
1262 3833 1436 3904 litus
1465 3832 1854 3924 protulere,
1900 3832 2184 3902 Italiam
2219 3830 2540 3899 mediam
2576 3827 2871 3898 finitimi

634 3966 1038 4056 affinesque
1068 3963 1318 4055 populi
1349 3962 1720 4049 tenebant,
1758 3959 2117 4049 Paeligni,
2152 3959 2401 4038 Marsi,
2435 3957 2867 4035 Marrucini,

540 4125 569 4164 ,·
632 4093 945 4173 Vestini,
981 4092 1353 4177 Frentani,
1398 4112 1579 4181 quos
1626 4110 1883 4160 omnes
1932 4087 2204 4178 pariter
2259 4084 2585 4156 Sabellos
2633 4085 2875 4153 nomi-

635 4224 845 4289 natos
903 4217 1437 4289 continuabant
1466 4215 2036 4306 septentrionem
2073 4233 2329 4282 versus
2377 4210 2656 4288 Sabini,
2719 4230 2867 4277 me·

634 4346 1040 4438 ridiemque
1086 4367 1341 4415 versus
1394 4345 1791 4414 Samnites,
1825 4343 1963 4413 Sed
2012 4340 2373 4413 vocabula
2423 4337 2699 4422 Sabini,
2744 4339 2869 4405 Sa-

707 4604 780 4673 (1)
813 4602 896 4659 Cf.
933 4603 1156 4671 Onam,
1187 4603 1260 4656 M.
1297 4601 1463 4657 Tullii
1491 4600 1767 4657 Ciceronis
1797 4613 1986 4669 opera,
2021 4602 2063 4653 t.
2097 4598 2167 4665 ΙΙ,
2199 4600 2252 4663 2,
2286 4612 2341 4667 p.
2375 4597 2499 4651 997.

707 4701 785 4774 (2)
818 4700 999 4771 Ovio..
1029 4702 1206 4769 Fast.,
1237 4701 1331 4773 111,
1363 4700 1452 4757 95.
