3557 5559
1689 523 2041 590 —24—

737 741 1298 813 superaequana
1345 719 1772 791 invenimus
1820 721 1890 788 et
1933 721 2291 809 pliocenas
2321 717 2523 790 circa
2553 720 2978 791 Betifulum.

737 851 941 932 Quod
975 848 1295 940 denique
1317 848 1407 917 ad
1431 847 1671 938 ipsam
1704 846 2258 916 sulmonensem
2291 847 2659 918 concham
2693 848 2984 933 attinet,

737 998 866 1067 pro
908 977 1107 1046 certo
1147 974 1470 1045 creditur
1518 994 1680 1043 eam
1712 973 2114 1044 novissime
2144 994 2509 1064 aquarum
2550 974 2851 1045 invectu
2882 974 2982 1044 li-

735 1124 1002 1195 moque
1050 1104 1522 1173 accrescente
1562 1101 1639 1170 in
1691 1099 2006 1169 solidum
2064 1100 2556 1170 concrevisse.
2596 1101 2733 1170 Ubi
2776 1123 2981 1174 nunc

733 1232 812 1301 in
867 1229 1248 1320 planitiem
1311 1228 1790 1317 porriguntur
1837 1225 2106 1295 exculti
2155 1225 2338 1315 agri,
2385 1225 2591 1297 lacus
2653 1229 2979 1317 primum

731 1360 912 1438 erat,
949 1378 1169 1447 quem
1204 1355 1562 1447 paulatim
1592 1376 1635 1423 a
1664 1353 2065 1424 verticibus
2104 1353 2435 1422 defluens
2465 1354 2738 1424 humus
2770 1377 2976 1426 com-

731 1485 981 1576 plevit.
1021 1482 1297 1552 Exinde
1326 1482 1655 1572 sequitur
1682 1479 1759 1549 in
1791 1482 2190 1570 exaequata
2228 1480 2561 1551 conchae
2577 1503 2763 1583 ‘area
2795 1505 2980 1573 sug-

737 1613 1027 1701 gestum
1060 1606 1350 1676 nullum
1374 1627 1450 1676 se
1470 1604 2129 1695 extollere,praeter
2149 1604 2418 1674 collem
2447 1611 2843 1692 unum‚674
2872 1631 2973 1679 m.

738 1736 1008 1819 altum;
1042 1742 1275 1804 monte
1324 1736 1598 1804 Cosimo
1644 1734 1992 1815 vocatur;
2027 1731 2259 1802 elacu
2308 1732 2485 1802 olim
2525 1735 2975 1823 emergebat,

741 1860 938 1929 haud
970 1878 1180 1929 secus
1206 1878 1295 1928 ac
1325 1857 1566 1943 hodie,
1590 1856 1876 1928 insulae
1908 1856 2148 1937 mode,
2171 1878 2258 1926 ex
2287 1857 2805 1929 humilioribus
2836 1861 2977 1930 cir-

739 2005 912 2054 cum
953 1984 1263 2075 campis·

827 2111 1216 2202 Repentini
1277 2114 1516 2181 motus
1574 2108 1983 2201 longaeque
2049 2110 2668 2181 commutationes
2707 2113 2976 2204 quibus

739 2236 1176 2305 conturbata
1208 2235 1344 2304 fuit
1376 2233 1719 2325 paeligna
1749 2235 1954 2323 regio
1979 2235 2410 2304 fluminibus
2432 2256 2735 2306 cursum
2769 2258 2976 2309 mon-

740 2359 1074 2450 tibusque
1138 2361 1454 2450 figuram
1517 2360 2054 2449 imposuerunt.
2108 2364 2158 2427 E
2207 2360 2338 2429 soli
2395 2360 2973 2433 conformatione

742 2485 1188 2574 contingunt
1226 2485 1410 2554 caeli
1443 2504 1681 2553 mores
1715 2487 2089 2574 terraeque
2121 2483 2389 2573 fruges,
