3557 5559
1699 555 2055 625 ..74-

763 775 1061 824 necesse
1118 754 1256 824 fuit
1314 757 1392 824 ut
1467 754 1871 825 Corfinium
1910 753 2387 838 desereretur,
2447 754 2662 824 cuius
2712 755 2791 823 in
2833 754 2993 825 loco

760 878 1138 961 Aesernia,
1201 878 1645 947 Samnitium
1684 877 1898 960 ¹urbs,
1957 880 2178 966 caput
2221 876 2531 947 foederis
2579 878 2811 948 evasit
2858 877 2986 968 (1).

762 1004 983 1071 Anno
1039 1006 1325 1091 666s88,
1398 1028 1433 1069 (ι
1465 1007 1592 1072 Cn.
1657 1002 2044 1092 Pompeius
2093 1001 2484 1092 proconsul
2542 1002 2879 1072 Vestinos
2926 1006 2997 1072 et

766 1131 1156 1221 Paelignos
1178 1132 1257 1199 in
1280 1131 1726 1202 deditionem
1750 1130 2062 1221 accepit.
2090 1131 2312 1200 Marsi
2334 1109 2704 1221 quoquest.
2732 1152 2990 1222 pacem

766 1255 1136 1344 petierunt
1169 1256 1259 1347 (2)
1295 1279 1357 1323 ι).

853 1382 1167 1451 Romani
1191 1381 1503 1451 victores
1520 1380 1755 1450 coacti
1773 1383 1947 1479 sunt
1964 1380 2410 1450 iustissimae
2431 1380 2852 1450 Italicorum
2876 1402 2994 1450 vo-

766 1506 1028 1575 luntati
1076 1505 1398 1597 obsequi.
1435 1510 1618 1593 Lege
1675 1505 1858 1575 Iulia
1923 1505 2133 1574 initio
2174 1505 2423 1574 statim
2463 1505 2634 1574 belli
2665 1507 2991 1596 promul-

764 1631 958 1715 gata,
985 1627 1260 1696 Latinis
1290 1629 1361 1697 et
1389 1627 1775 1697 foederatis
1807 1627 1932 1717 qui
1963 1628 2040 1696 in
2074 1628 2381 1717 antiqua
2403 1627 2546 1697 fide
2567 1635 2637 1697 et
2662 1629 2993 1698 amicitia

765 1758 1324 1844 permanserant
1361 1754 1620 1824 civitas
1667 1728 2007 1824 donatur.
2041 1752 2268 1823 Paulo
2300 1759 2483 1845 post,
2516 1754 2675 1843 lege
2708 1755 2995 1825 Plautia

768 1879 1086 1968 Papiria,
1140 1882 1439 1948 senatus
1469 1878 1923 1970 populusque
1967 1881 2245 1948 ceteros
2275 1878 2484 1947 Italos
2528 1878 2822 1949 civitate
2870 1880 2991 1948 do·

764 2006 914 2085 nat,
961 2022 1045 2071 ea
1083 2003 1521 2072 condicione
1570 2006 1648 2072 ut
1703 2003 1860 2071 sine
1909 2022 2117 2071 mora
2165 2003 2255 2072 ab
2304 2002 2533 2071 armis
2582 2002 2985 2072 discedant.

759 2130 1099 2200 Confecto
1141 2129 1353 2215 bello,
1399 2132 1694 2199 senatus
1741 2129 2165 2199 consultum
2234 2130 2532 2200 ultimos
2574 2133 2991 2220 pugnantes

759 2259 942 2348 legis
983 2259 1309 2350 praemio
1340 2259 1592 2328 afficit.
1646 2262 1849 2328 Tunc
1889 2279 2146 2327 omnes
2176 2257 2426 2328 Italiae
2465 2259 2750 2328 incolae
2793 2260 2991 2328 cives

761 2388 934 2453 sunt
974 2385 1287 2454 romani.
1332 2384 1469 2453 Sed
1514 2383 1748 2452 Latini
1791 2383 2111 2473 sociique
2161 2383 2275 2452 sui
2315 2383 2495 2452 iuris
2548 2403 2703 2452 esse
2753 2385 2989 2453 desie-

733 2503 955 2578 runt.
992 2512 1073 2577 In
1105 2511 1403 2597 gentem
1453 2507 1940 2576 concedentes
1989 2507 2543 2597 imperantium,
2588 2508 2724 2577 sibi
2764 2507 2988 2579 liber-

760 2638 986 2706 tatem
1019 2634 1468 2704 abiudicant.
1504 2636 1748 2703 Novus
1770 2633 2034 2724 incipit
2059 2654 2306 2703 rerum
2339 2637 2568 2703 status
2596 2636 2716 2725 (3).

849 2760 1163 2830 Romani
1203 2759 1400 2828 haud
1432 2759 1728 2828 incaute
1768 2758 2003 2829 socios
2031 2781 2234 2830 nunc
2257 2760 2453 2829 cives
2482 2761 2739 2844 factOS,
2786 2781 2879 2830 ne
2915 2733 3016 2830 in·

756 2884 1068 2953 comitiis
1101 2884 1508 2963 vincerent,
1534 2884 1844 2953 diversis
1874 2883 2209 2953 tribubus
2228 2884 2689 2953 addixerunt.
2717 2885 2989 2954 Priscis

757 3010 1066 3090 civibuS,
1125 3010 1251 3100 qui
1296 3010 1600 3079 omnino
1643 3011 1995 3079 maiorem
2046 3011 2562 3098 suffragiorum
2625 3010 2992 3081 habebant

757 3138 1069 3225 partem,
1111 3133 1322 3203 mixti
1364 3137 1537 3203 sunt
1576 3134 1746 3204 novi
1789 3133 1916 3224 (4).
1961 3133 2181 3202 Marsi
2214 3134 2690 3224 Paelignique
2733 3135 2985 3205 sociali

755 3262 946 3334 bello
987 3283 1258 3332 nomen
1300 3263 1369 3330 et
1427 3264 1648 3351 caput
1695 3261 2068 3329 dederant.
2105 3261 2197 3328 Iis
2247 3262 2518 3351 pariter
2558 3262 2814 3350 Sergia
2861 3262 2988 3330 tri-

755 3389 892 3459 bus
923 3386 1302 3475 assignata
1333 3387 1462 3455 est.
1498 3384 1616 3453 Sic
1658 3384 1856 3452 enim
1890 3404 2097 3452 orsus
2129 3388 2238 3454 est
2266 3386 2360 3453 M.
2396 3383 2674 3453 Tullius
2704 3385 2980 3470 Cicer0,

757 3515 1018 3582 contra
1045 3510 1422 3580 Vatinium
1459 3530 1761 3578 causam
1794 3529 2059 3597 agens:
2098 3536 2130 3571 «
2161 3509 2265 3577 Ob
2296 3508 2515 3577 hasce
2546 3529 2803 3577 omnes
2846 3529 2983 3594 reS,

757 3636 1046 3706 sciasne
1103 3636 1171 3703 te
1239 3632 1872 3703 severissimorum
1917 3632 2307 3701 hominum
2354 3631 2821 3716 Sabinorum,
2858 3633 2993 3702 for·

758 3759 1212 3828 tissimorum
1265 3758 1594 3827 virorum
1626 3761 2036 3827 Marsorum
2078 3758 2148 3825 et
2188 3740 2732 3844 Paelignorum,
2768 3756 2992 3825 tribu-

757 3889 941 3959 lium
973 3889 1297 3972 tuorum,
1350 3884 1624 3954 iudicio
1656 3887 2017 3963 notatum,
2049 3904 2187 3953 nec
2219 3884 2379 3973 post
2401 3887 2709 3953 Romam
2741 3883 2990 3952 condi-

823 4160 904 4234 (1)
927 4162 1182 4225 D1onoa.,
1205 4158 1308 4214 loc.
1337 4158 1436 4213 cit.

824 4257 903 4331 (2)
934 4256 1079 4325 L1v.‚
1109 4255 1331 4323 LXXVI,
1358 4254 1509 4325 Epic.

825 4357 906 4431 (3)
935 4358 1116 4419 MonL,
1146 4372 1233 4425 op.
1268 4356 1384 4422 cit„
1416 4370 1472 4425 p.
1506 4353 1594 4408 95.

825 4456 902 4529 (4)
933 4454 1016 4512 Cf.
1048 4458 1288 4522 Bnnocn,
1319 4468 1410 4524 op.
1441 4453 1534 4507 cit.
1559 4481 1628 4492 —
1657 4451 2015 4518 Kussrrscnsx,
2066 4448 2364 4519 Imperium
2406 4462 2693 4504 romanum
2732 4447 2988 4504 tributim

747 4558 1102 4628 descriptum,
1158 4550 1523 4611 Vindobona,
1584 4551 1739 4604 1889.
1801 4578 1870 4590 ——
1927 4550 2212 4608 Mouussn,
2272 4547 2359 4602 die
2415 4547 2693 4603 Ro'mz'sche
2751 4548 2975 4602 Tribus·

753 4654 1058 4724 einleiturtq
1088 4651 1232 4708 nach
1261 4650 1380 4707 dem
1409 4648 1737 4704 marsischen
1784 4648 1971 4717 Krieq,
2005 4645 2090 4702 in:
2122 4647 2362 4715 Hermes,
2397 4647 2555 4714 1887,
2588 4650 2630 4701 t.
2662 4646 2825 4715 XXII,
2859 4644 2985 4702 101.
