3557 5559
1560 590 1915 656 -41-

614 785 790 856 mali
813 786 953 855 diis
984 788 1437 871 consecrato,
1474 785 1663 877 quod
1689 786 1977 855 itineris
2008 785 2154 855 dux
2187 787 2564 876 rectorque
2591 786 2847 855 fuerat.

608 916 788 981 Cum
845 913 1098 983 Sabini
1155 914 1584 1004 praesertim
1638 916 1944 984 Martem
2006 911 2120 981 vel
2185 916 2612 982 Mamertem
2656 911 2854 982 cole-

610 1043 766 1106 rent
800 1038 919 1128 (1),
965 1038 1085 1105 cui
1127 1037 1722 1107 adscriberentur
1763 1038 1972 1128 picus
2022 1042 2092 1107 et
2145 1036 2387 1128 lupuS,
2441 1037 2777 1105 Picentes
2813 1059 2854 1106 a

607 1162 792 1251 picO,
832 1182 1040 1229 sacra
1070 1162 1211 1240 avi,
1250 1160 1708 1247 dicebantur,
1746 1165 1816 1229 et
1877 1162 2163 1251 Hirpini
2215 1161 2306 1230 ab
2351 1160 2587 1250 hirpo,
2620 1199 2708 1210 —
2740 1161 2846 1228 sic

612 1289 819 1355 enim
854 1287 1112 1381 lupum
1137 1288 1634 1376 appellabant.
1670 1288 1955 1357 Vestini
1985 1291 2250 1357 Vestae
2278 1288 2476 1363 deae,
2504 1290 2855 1376 patronae

602 1415 671 1480 et
701 1411 1022 1480 custodis
1062 1411 1332 1500 gentiS‚
1386 1433 1659 1480 nomen
1702 1412 1841 1481 s'ibi
1895 1412 2315 1495 induerant,
2369 1410 2845 1500 Paelignique

602 1535 914 1605 forsitan
951 1535 1277 1605 Pelinae.

687 1664 789 1730 Ex
819 1683 902 1731 eo
933 1661 1123 1753 quod
1156 1662 1242 1731 de
1267 1662 1589 1752 antiquis
1622 1662 1994 1751 Paelignis
2016 1662 2540 1751 cognoscimus
2563 1662 2851 1731 constat

518 1846 527 1854 .
598 1806 719 1855 eos
807 1786 1347 1878 propinquitate
1429 1788 1737 1857 Sabinos
1808 1788 2320 1879 Samnitesque
2388 1786 2844 1874 contingere.

593 1911 975 2002 Perpauca
1016 1916 1268 1982 tamen
1318 1914 1631 2002 vestigia
1682 1912 2168 2004 reliquerunt,
2215 1913 2492 1983 dirutos
2550 1910 2851 2003 oppido-

592 2060 763 2109 rum
801 2060 1079 2123 murm,
1113 2039 1478 2130 sepulcra,
1513 2040 1936 2110 dialecticos
1969 2039 2241 2109 titulos.

680 2167 763 2235 ln
805 2167 1117 2236 summis
1149 2167 1401 2237 Italiae
1437 2166 1718 2236 mediae
1745 2162 2122 2236 montibus
2158 2167 2421 2236 rudera
2450 2166 2849 2236 veterrima

590 2317 801 2388 opere
825 2295 1215 2387 polygonio
1249 2294 1605 2364 fabricata
1634 2297 1953 2379 exstant,
1991 2315 2176 2384 quae
2211 2294 2334 2363 diu
2366 2292 2693 2384 falsoque
2718 2299 2848 2362 an‘

594 2420 950 2512 tiquitatis
990 2420 1203 2512 periti
1242 2420 1621 2510 cyclopeos
1663 2419 1778 2489 vel
1833 2419 2236 2510 pelasgicos
2268 2439 2516 2487 muros
2556 2416 2844 2508 praedi·

599 2548 977 2616 caverunt.
1025 2550 1122 2613 Ea
1161 2566 1427 2634 nempe
1480 2566 1716 2634 neque
1759 2543 2263 2613 commenticii
2305 2542 2655 2633 Cyclopes
2722 2563 2844 2611 ne-

597 2694 738 2763 que
779 2671 1091 2763 mythici
1154 2670 1442 2760 Pelasgi
1494 2673 2035 2750 exstruxerunt,
2072 2671 2197 2740 sed
2245 2669 2386 2762 ipsi
2438 2668 2668 2739 italici
2717 2690 2843 2759 po-

595 2801 747 2892 puli
805 2823 842 2870 e
918 2800 1209 2870 Sabinis
1277 2801 1643 2890 prognati,
1736 2802 2009 2892 quippe
2096 2821 2277 2892 quae
2352 2800 2430 2869 in
2498 2798 2841 2868 omnibus

595 2925 1021 3014 regionibus
1072 2925 1554 2994 observentur
1585 2946 1763 3016 quas
1812 2926 2087 3005 Sabini,
2133 2924 2428 3010 Sabelli,
2473 2923 2842 2993 Samnites

591 3049 1048 3131 incolerent3
1111 3049 1378 3139 ubique
1432 3071 1666 3138 genus
1720 3027 1913 3118 idem
1975 3054 2411 3131 structurae,
2475 3050 2845 3119 eamdem-

590 3199 730 3269 que
797 3177 1117 3268 speciem
1187 3177 1542 3267 praebent
1607 3177 1723 3266 (2).
1775 3181 1872 3244 Ex
1929 3176 2354 3264 ingentibus
2393 3176 2838 3267 rudibusque

593 3306 939 3372 constant
969 3300 1362 3392 lapidibus,
1399 3301 1876 3391 superpositis
1907 3305 2198 3372 tantum
2241 3322 2477 3392 neque
2536 3301 2841 3390 conglu-

591 3430 868 3500 tinatis.
891 3430 1053 3500 Alta
1086 3430 1403 3510 moenia,
1438 3451 1641 3500 nunc
1664 3432 2035 3522 corrupta,
2064 3429 2428 3500 montium
2462 3430 2835 3521 fastigium

594 3559 1182 3629 circumdabant.
1217 3562 1499 3628 Tenues
1542 3581 1799 3628 eorum
1833 3559 2183 3649 reliquias
2230 3559 2544 3629 viatores
2585 3564 2838 3630 notare

596 3688 898 3775 queunt.
937 3684 1126 3753 Satis
1167 3683 1572 3754 habeamus
1619 3683 1898 3775 aliquot
1936 3683 2271 3774 exempla
2318 3685 2662 3776 proferre.
2702 3688 2838 3753 Po-

595 3810 932 3900 lygonios
990 3832 1238 3879 muros
1286 3809 1520 3878 oculis
1559 3809 1827 3878 nostris
1878 3810 2252 3879 subiciunt
2299 3810 2492 3899 apud
2559 3815 2834 3880 Marsos

661 4004 738 4076 (1)
771 4003 856 4059 Cf.
890 4006 1230 4071 Marsorum,
1282 4002 1767 4073 Marrucinorum,
1817 4002 2087 4059 Marrubii
2126 4002 2371 4058 civitatis
2419 4002 2679 4058 nomina.
2713 4007 2831 4059 Ma-

588 4101 872 4158 mertinos
911 4102 1148 4174 quidem
1178 4102 1238 4157 in
1271 4102 1400 4173 ipsa
1431 4101 1622 4159 Sicilia
1650 4101 2000 4158 invenimuS.

662 4201 741 4272 (2)
772 4201 853 4256 Cf.
885 4201 1292 4269 Para-RADEL,
1326 4201 1658 4257 Recherches
1687 4205 2000 4272 compare'es
2029 4200 2120 4256 des
2162 4201 2533 4271 te'moiqnayes
2563 4207 2832 4274 topoqra·

572 4298 810 4369 phiques
842 4298 1033 4370 qu'ont
1082 4300 1267 4354 laisse‘s
1295 4315 1390 4355 sur
1435 4299 1482 4354 le
1515 4302 1794 4355 territoire
1825 4301 1890 4355 de
1920 4301 2064 4355 Rieti
2088 4299 2163 4355 les
2193 4301 2416 4356 ariciens
2443 4302 2670 4374 peuples
2695 4300 2835 4356 abo—

584 4399 820 4468 riqimeS,
852 4400 1122 4469 Pelasgum,
1154 4400 1457 4470 Equicoles,
1483 4400 1540 4454 in
1577 4417 1590 4455 ε
1622 4400 1770 4454 Αηη.
1797 4400 1924 4456 dele
1955 4401 2166 4468 Instit„
2197 4399 2351 4467 1832,
2376 4417 2432 4471 p.
2467 4400 2490 4454 1
2524 4407 2663 4472 etp.
2686 4404 2788 4457 233
2815 4420 2829 4470 ;

585 4525 655 4538 —
693 4497 927 4565 Bummm,
964 4499 1137 4553 Carta
1166 4497 1254 4552 del
1299 4500 1407 4554 sito
1435 4497 1527 4554 dei
1558 4501 1663 4568 piu
1689 4499 1904 4554 antichi
1941 4499 2302 4555 stabilimenti
2328 4500 2508 4556 italici
2536 4499 2664 4555 nell’
2696 4516 2833 4570 aqro

591 4600 808 4653 reatino
839 4616 866 4653 e
897 4599 943 4654 le
971 4615 1065 4656 sue
1095 4599 1406 4670 adiawnw,
1437 4598 1497 4654 in
1529 4617 1543 4656 :
1588 4602 1832 4656 Menum.
1878 4599 2028 4657 ined.
2080 4600 2207 4656 dell’
2253 4601 2464 4667 Instit„
2499 4606 2537 4654 ι.
2572 4603 2637 4671 11,
2671 4602 2825 4671 1832,

589 4697 710 4752 tab.
743 4700 783 4752 Ι.
