<?xml version="1.0" encoding="UTF-8"?>
<!DOCTYPE html PUBLIC "-//W3C//DTD XHTML 1.0 Transitional//EN"
    "http://www.w3.org/TR/xhtml1/DTD/xhtml1-transitional.dtd">
<html xmlns="http://www.w3.org/1999/xhtml" xml:lang="en" lang="en">
 <head>
  <title>
</title>
<meta http-equiv="Content-Type" content="text/html;charset=utf-8" />
  <meta name='ocr-system' content='tesseract 3.04.00' />
  <meta name='ocr-capabilities' content='ocr_page ocr_carea ocr_par ocr_line ocrx_word'/>
</head>
<body>
  <div class='ocr_page' id='page_1' title='image "./deregionepaelig00besngoog_0089.png"; bbox 0 0 3557 5559; ppageno 0'>
   <div class='ocr_carea' id='block_1_1' title="bbox 1453 576 1809 646">
    <p class='ocr_par' dir='ltr' id='par_1_1' title="bbox 1453 576 1809 646">
     <span class='ocr_line' id='line_1_1' title="bbox 1453 576 1809 646; baseline 0.003 -17"><span class='ocrx_word' id='word_1_1' title='bbox 1453 576 1809 646; x_wconf 76' lang='grc' dir='ltr'><em>-ἿἾ-</em></span> 
     </span>
    </p>
   </div>
   <div class='ocr_carea' id='block_1_2' title="bbox 513 772 2752 1119">
    <p class='ocr_par' dir='ltr' id='par_1_2' title="bbox 513 772 2752 1119">
     <span class='ocr_line' id='line_1_2' title="bbox 513 772 2752 868; baseline 0.003 -27"><span class='ocrx_word' id='word_1_2' title='bbox 513 772 901 863; x_wconf 77' lang='lat' dir='ltr'>castigare,</span> <span class='ocrx_word' id='word_1_3' title='bbox 938 772 1366 864; x_wconf 83' lang='lat' dir='ltr'>Corfinium,</span> <span class='ocrx_word' id='word_1_4' title='bbox 1410 774 1721 844; x_wconf 86' lang='lat' dir='ltr'>foederis</span> <span class='ocrx_word' id='word_1_5' title='bbox 1753 779 2001 865; x_wconf 83' lang='lat' dir='ltr'>caput,</span> <span class='ocrx_word' id='word_1_6' title='bbox 2035 777 2108 846; x_wconf 86' lang='lat' dir='ltr'>at</span> <span class='ocrx_word' id='word_1_7' title='bbox 2136 797 2285 846; x_wconf 88' lang='lat' dir='ltr'>non</span> <span class='ocrx_word' id='word_1_8' title='bbox 2318 798 2580 868; x_wconf 90' lang='lat' dir='ltr'>parum</span> <span class='ocrx_word' id='word_1_9' title='bbox 2614 799 2752 848; x_wconf 90' lang='lat' dir='ltr'>no-</span> 
     </span>
     <span class='ocr_line' id='line_1_3' title="bbox 515 891 2745 993; baseline 0.001 -25"><span class='ocrx_word' id='word_1_10' title='bbox 515 896 672 969; x_wconf 86' lang='lat' dir='ltr'>tum</span> <span class='ocrx_word' id='word_1_11' title='bbox 704 899 1160 984; x_wconf 78' lang='lat' dir='ltr'><strong>Sulmonem,</strong></span> <span class='ocrx_word' id='word_1_12' title='bbox 1187 900 1584 970; x_wconf 79' lang='lat' dir='ltr'>evertisset.</span> <span class='ocrx_word' id='word_1_13' title='bbox 1621 902 1983 982; x_wconf 85' lang='lat' dir='ltr'>Ceterum,</span> <span class='ocrx_word' id='word_1_14' title='bbox 2015 903 2272 992; x_wconf 81' lang='lat' dir='ltr'>paucis</span> <span class='ocrx_word' id='word_1_15' title='bbox 2311 907 2473 993; x_wconf 89' lang='lat' dir='ltr'>post</span> <span class='ocrx_word' id='word_1_16' title='bbox 2501 891 2745 987; x_wconf 53' lang='lat' dir='ltr'>ann&#39;iS,</span> 
     </span>
     <span class='ocr_line' id='line_1_4' title="bbox 516 1029 2750 1119; baseline 0.002 -22"><span class='ocrx_word' id='word_1_17' title='bbox 516 1029 898 1119; x_wconf 86' lang='lat' dir='ltr'>paelignus</span> <span class='ocrx_word' id='word_1_18' title='bbox 956 1030 1207 1099; x_wconf 92' lang='lat' dir='ltr'>Sulmo</span> <span class='ocrx_word' id='word_1_19' title='bbox 1277 1050 1528 1100; x_wconf 90' lang='lat' dir='ltr'>rursus</span> <span class='ocrx_word' id='word_1_20' title='bbox 1604 1034 2249 1115; x_wconf 81' lang='lat' dir='ltr'>commemoratur,</span> <span class='ocrx_word' id='word_1_21' title='bbox 2295 1033 2469 1101; x_wconf 90' lang='lat' dir='ltr'>dum</span> <span class='ocrx_word' id='word_1_22' title='bbox 2542 1036 2750 1102; x_wconf 91' lang='lat' dir='ltr'>Pom-</span> 
     </span>
    </p>
   </div>
   <div class='ocr_carea' id='block_1_3' title="bbox 513 1156 2748 1371">
    <p class='ocr_par' dir='ltr' id='par_1_3' title="bbox 513 1156 2748 1371">
     <span class='ocr_line' id='line_1_5' title="bbox 516 1156 2748 1247; baseline 0.001 -23"><span class='ocrx_word' id='word_1_23' title='bbox 516 1156 761 1246; x_wconf 90' lang='lat' dir='ltr'>peiani</span> <span class='ocrx_word' id='word_1_24' title='bbox 792 1156 870 1224; x_wconf 93' lang='lat' dir='ltr'>in</span> <span class='ocrx_word' id='word_1_25' title='bbox 913 1177 1082 1224; x_wconf 88' lang='lat' dir='ltr'>eum</span> <span class='ocrx_word' id='word_1_26' title='bbox 1123 1177 1198 1225; x_wconf 89' lang='lat' dir='ltr'>se</span> <span class='ocrx_word' id='word_1_27' title='bbox 1239 1157 1666 1236; x_wconf 87' lang='lat' dir='ltr'>oonioiunt;</span> <span class='ocrx_word' id='word_1_28' title='bbox 1703 1179 1963 1247; x_wconf 86' lang='lat' dir='ltr'>parum</span> <span class='ocrx_word' id='word_1_29' title='bbox 2013 1158 2413 1228; x_wconf 87' lang='lat' dir='ltr'>verisimile</span> <span class='ocrx_word' id='word_1_30' title='bbox 2462 1157 2748 1228; x_wconf 82' lang='lat' dir='ltr'>videtur</span> 
     </span>
     <span class='ocr_line' id='line_1_6' title="bbox 513 1278 2485 1371; baseline 0.002 -23"><span class='ocrx_word' id='word_1_31' title='bbox 513 1278 823 1350; x_wconf 84' lang='lat' dir='ltr'>deletam</span> <span class='ocrx_word' id='word_1_32' title='bbox 859 1280 1115 1350; x_wconf 87' lang='lat' dir='ltr'>urbem</span> <span class='ocrx_word' id='word_1_33' title='bbox 1148 1281 1591 1371; x_wconf 82' lang='lat' dir='ltr'>gravissima</span> <span class='ocrx_word' id='word_1_34' title='bbox 1622 1281 1894 1350; x_wconf 86' lang='lat' dir='ltr'>damna</span> <span class='ocrx_word' id='word_1_35' title='bbox 1924 1282 2025 1351; x_wconf 86' lang='lat' dir='ltr'>ita</span> <span class='ocrx_word' id='word_1_36' title='bbox 2060 1283 2485 1352; x_wconf 79' lang='lat' dir='ltr'>restituisse.</span> 
     </span>
    </p>
   </div>
   <div class='ocr_carea' id='block_1_4' title="bbox 507 1408 2744 1627">
    <p class='ocr_par' dir='ltr' id='par_1_4' title="bbox 507 1408 2744 1627">
     <span class='ocr_line' id='line_1_7' title="bbox 598 1408 2744 1498; baseline 0.002 -20"><span class='ocrx_word' id='word_1_37' title='bbox 598 1411 757 1478; x_wconf 94' lang='lat' dir='ltr'>Non</span> <span class='ocrx_word' id='word_1_38' title='bbox 796 1431 1022 1478; x_wconf 83' lang='lat' dir='ltr'>causa</span> <span class='ocrx_word' id='word_1_39' title='bbox 1059 1413 1168 1479; x_wconf 88' lang='lat' dir='ltr'>est</span> <span class='ocrx_word' id='word_1_40' title='bbox 1197 1408 1426 1498; x_wconf 84' lang='lat' dir='ltr'>igitur</span> <span class='ocrx_word' id='word_1_41' title='bbox 1467 1431 1602 1479; x_wconf 84' lang='lat' dir='ltr'>our</span> <span class='ocrx_word' id='word_1_42' title='bbox 1642 1409 1719 1477; x_wconf 94' lang='lat' dir='ltr'>in</span> <span class='ocrx_word' id='word_1_43' title='bbox 1768 1412 2210 1480; x_wconf 84' lang='lat' dir='ltr'>sententiam</span> <span class='ocrx_word' id='word_1_44' title='bbox 2246 1433 2287 1480; x_wconf 82' lang='lat' dir='ltr'>a</span> <span class='ocrx_word' id='word_1_45' title='bbox 2317 1411 2744 1483; x_wconf 81' lang='lat' dir='ltr'>doctissimo</span> 
     </span>
     <span class='ocr_line' id='line_1_8' title="bbox 507 1532 2743 1627; baseline 0.002 -26"><span class='ocrx_word' id='word_1_46' title='bbox 507 1532 665 1602; x_wconf 89' lang='lat' dir='ltr'>viro</span> <span class='ocrx_word' id='word_1_47' title='bbox 705 1539 955 1622; x_wconf 75' lang='lat' dir='ltr'>Zumpt</span> <span class='ocrx_word' id='word_1_48' title='bbox 1003 1534 1080 1602; x_wconf 94' lang='lat' dir='ltr'>in</span> <span class='ocrx_word' id='word_1_49' title='bbox 1111 1533 1297 1603; x_wconf 90' lang='lat' dir='ltr'>libro</span> <span class='ocrx_word' id='word_1_50' title='bbox 1339 1536 1421 1603; x_wconf 82' lang='lat' dir='ltr'>de</span> <span class='ocrx_word' id='word_1_51' title='bbox 1466 1535 1771 1604; x_wconf 80' lang='lat' dir='ltr'>Colom’z‘s</span> <span class='ocrx_word' id='word_1_52' title='bbox 1811 1542 2285 1606; x_wconf 73' lang='lat' dir='ltr'>Romanorum</span> <span class='ocrx_word' id='word_1_53' title='bbox 2317 1536 2743 1627; x_wconf 71' lang='lat' dir='ltr'>militaribus</span> 
     </span>
    </p>
   </div>
   <div class='ocr_carea' id='block_1_5' title="bbox 508 1656 2866 1749">
    <p class='ocr_par' dir='ltr' id='par_1_5' title="bbox 508 1656 2866 1749">
     <span class='ocr_line' id='line_1_9' title="bbox 508 1656 2866 1749; baseline 0.001 -23"><span class='ocrx_word' id='word_1_54' title='bbox 508 1656 733 1727; x_wconf 80' lang='lat' dir='ltr'>latam</span> <span class='ocrx_word' id='word_1_55' title='bbox 793 1681 1046 1729; x_wconf 85' lang='lat' dir='ltr'>eamus</span> <span class='ocrx_word' id='word_1_56' title='bbox 1078 1661 1195 1749; x_wconf 91' lang='lat'>(1).</span> <span class='ocrx_word' id='word_1_57' title='bbox 1229 1661 1367 1728; x_wconf 89' lang='lat' dir='ltr'>Vix</span> <span class='ocrx_word' id='word_1_58' title='bbox 1416 1660 1865 1730; x_wconf 80' lang='lat' dir='ltr'>eredendum</span> <span class='ocrx_word' id='word_1_59' title='bbox 1928 1663 2035 1730; x_wconf 86' lang='lat' dir='ltr'>est</span> <span class='ocrx_word' id='word_1_60' title='bbox 2081 1660 2360 1730; x_wconf 80' lang='lat' dir='ltr'>Sullam</span> <span class='ocrx_word' id='word_1_61' title='bbox 2421 1662 2743 1731; x_wconf 83' lang='lat' dir='ltr'>colonias</span> <span class='ocrx_word' id='word_1_62' title='bbox 2862 1683 2866 1690; x_wconf 89' lang='lat'><strong>·</strong></span> 
     </span>
    </p>
   </div>
   <div class='ocr_carea' id='block_1_6' title="bbox 472 1783 2798 3758">
    <p class='ocr_par' dir='ltr' id='par_1_6' title="bbox 472 1783 2798 3758">
     <span class='ocr_line' id='line_1_10' title="bbox 509 1783 2743 1873; baseline 0.001 -22"><span class='ocrx_word' id='word_1_63' title='bbox 509 1783 939 1852; x_wconf 87' lang='lat' dir='ltr'>Sulmonem</span> <span class='ocrx_word' id='word_1_64' title='bbox 979 1784 1528 1873; x_wconf 83' lang='lat' dir='ltr'>Corfiniumque</span> <span class='ocrx_word' id='word_1_65' title='bbox 1562 1785 1972 1854; x_wconf 85' lang='lat' dir='ltr'>deduxisse.</span> <span class='ocrx_word' id='word_1_66' title='bbox 2017 1785 2268 1854; x_wconf 91' lang='lat' dir='ltr'>Sulmo</span> <span class='ocrx_word' id='word_1_67' title='bbox 2302 1786 2743 1855; x_wconf 84' lang='lat' dir='ltr'>Corfinium-</span> 
     </span>
     <span class='ocr_line' id='line_1_11' title="bbox 509 1908 2744 1998; baseline 0.001 -23"><span class='ocrx_word' id='word_1_68' title='bbox 509 1928 648 1997; x_wconf 90' lang='lat' dir='ltr'>que</span> <span class='ocrx_word' id='word_1_69' title='bbox 679 1909 749 1975; x_wconf 90' lang='lat' dir='ltr'>et</span> <span class='ocrx_word' id='word_1_70' title='bbox 789 1911 1369 1998; x_wconf 75' lang='lat' dir='ltr'>Superaequum,</span> <span class='ocrx_word' id='word_1_71' title='bbox 1413 1908 1752 1992; x_wconf 84' lang='lat' dir='ltr'>fatemur,</span> <span class='ocrx_word' id='word_1_72' title='bbox 1790 1908 1867 1976; x_wconf 92' lang='lat' dir='ltr'>in</span> <span class='ocrx_word' id='word_1_73' title='bbox 1901 1909 2103 1978; x_wconf 79' lang='lat' dir='ltr'>Libro</span> <span class='ocrx_word' id='word_1_74' title='bbox 2148 1910 2602 1978; x_wconf 75' lang='lat' dir='ltr'>Coloniarum</span> <span class='ocrx_word' id='word_1_75' title='bbox 2634 1910 2744 1978; x_wconf 88' lang='lat' dir='ltr'>oi-</span> 
     </span>
     <span class='ocr_line' id='line_1_12' title="bbox 510 2034 2744 2124; baseline -0.001 -21"><span class='ocrx_word' id='word_1_76' title='bbox 510 2037 761 2103; x_wconf 75' lang='lat' dir='ltr'>tantur</span> <span class='ocrx_word' id='word_1_77' title='bbox 793 2034 928 2124; x_wconf 85' lang='grc'>(2);</span> <span class='ocrx_word' id='word_1_78' title='bbox 967 2035 1104 2102; x_wconf 86' lang='lat' dir='ltr'>hoo</span> <span class='ocrx_word' id='word_1_79' title='bbox 1147 2039 1393 2102; x_wconf 89' lang='lat' dir='ltr'>autem</span> <span class='ocrx_word' id='word_1_80' title='bbox 1443 2055 1623 2123; x_wconf 87' lang='lat' dir='ltr'>opus</span> <span class='ocrx_word' id='word_1_81' title='bbox 1680 2055 1840 2103; x_wconf 89' lang='lat' dir='ltr'>sero</span> <span class='ocrx_word' id='word_1_82' title='bbox 1894 2034 2400 2124; x_wconf 83' lang='lat' dir='ltr'>conscriptum</span> <span class='ocrx_word' id='word_1_83' title='bbox 2450 2038 2559 2103; x_wconf 91' lang='lat' dir='ltr'>est</span> <span class='ocrx_word' id='word_1_84' title='bbox 2597 2055 2744 2102; x_wconf 88' lang='lat' dir='ltr'>sus-</span> 
     </span>
     <span class='ocr_line' id='line_1_13' title="bbox 513 2162 2747 2257; baseline 0.001 -28"><span class='ocrx_word' id='word_1_85' title='bbox 513 2162 1031 2253; x_wconf 85' lang='lat' dir='ltr'>picionemque</span> <span class='ocrx_word' id='word_1_86' title='bbox 1102 2163 1366 2232; x_wconf 86' lang='lat' dir='ltr'>erroris</span> <span class='ocrx_word' id='word_1_87' title='bbox 1444 2162 1700 2231; x_wconf 85' lang='lat' dir='ltr'>crebro</span> <span class='ocrx_word' id='word_1_88' title='bbox 1773 2162 2085 2257; x_wconf 88' lang='lat' dir='ltr'>sustinet</span> <span class='ocrx_word' id='word_1_89' title='bbox 2136 2162 2251 2251; x_wconf 87' lang='lat'>(3).</span> <span class='ocrx_word' id='word_1_90' title='bbox 2296 2164 2455 2231; x_wconf 95' lang='lat' dir='ltr'>Non</span> <span class='ocrx_word' id='word_1_91' title='bbox 2513 2162 2747 2231; x_wconf 89' lang='lat' dir='ltr'>solum</span> 
     </span>
     <span class='ocr_line' id='line_1_14' title="bbox 511 2262 2747 2377; baseline 0 -22"><span class='ocrx_word' id='word_1_92' title='bbox 511 2308 906 2374; x_wconf 87' lang='lat' dir='ltr'>germanas</span> <span class='ocrx_word' id='word_1_93' title='bbox 935 2288 1206 2356; x_wconf 77' lang='lat' dir='ltr'>liberae</span> <span class='ocrx_word' id='word_1_94' title='bbox 1231 2287 1677 2377; x_wconf 85' lang='lat' dir='ltr'>reipublicae</span> <span class='ocrx_word' id='word_1_95' title='bbox 1701 2262 2027 2356; x_wconf 83' lang='lat' dir='ltr'>colonias</span> <span class='ocrx_word' id='word_1_96' title='bbox 2050 2287 2351 2366; x_wconf 84' lang='lat' dir='ltr'>indicat,</span> <span class='ocrx_word' id='word_1_97' title='bbox 2380 2288 2503 2356; x_wconf 89' lang='lat' dir='ltr'>sed</span> <span class='ocrx_word' id='word_1_98' title='bbox 2526 2288 2747 2356; x_wconf 85' lang='lat' dir='ltr'>etiam</span> 
     </span>
     <span class='ocr_line' id='line_1_15' title="bbox 507 2413 2798 2504; baseline 0.001 -25"><span class='ocrx_word' id='word_1_99' title='bbox 507 2416 577 2480; x_wconf 91' lang='lat' dir='ltr'>et</span> <span class='ocrx_word' id='word_1_100' title='bbox 635 2415 1098 2503; x_wconf 91' lang='lat' dir='ltr'>potissimum</span> <span class='ocrx_word' id='word_1_101' title='bbox 1159 2413 1695 2502; x_wconf 79' lang='lat' dir='ltr'>assignationes</span> <span class='ocrx_word' id='word_1_102' title='bbox 1756 2416 2118 2483; x_wconf 86' lang='lat' dir='ltr'>terrarum</span> <span class='ocrx_word' id='word_1_103' title='bbox 2181 2435 2362 2504; x_wconf 88' lang='lat' dir='ltr'>quas</span> <span class='ocrx_word' id='word_1_104' title='bbox 2415 2414 2749 2483; x_wconf 81' lang='lat' dir='ltr'>fecerunt</span> <span class='ocrx_word' id='word_1_105' title='bbox 2787 2478 2798 2487; x_wconf 81' lang='grc'><strong>,</strong></span> 
     </span>
     <span class='ocr_line' id='line_1_16' title="bbox 504 2537 2746 2629; baseline -0.001 -23"><span class='ocrx_word' id='word_1_106' title='bbox 504 2541 754 2629; x_wconf 89' lang='lat' dir='ltr'>postea</span> <span class='ocrx_word' id='word_1_107' title='bbox 784 2538 1179 2626; x_wconf 81' lang='lat' dir='ltr'>principes,</span> <span class='ocrx_word' id='word_1_108' title='bbox 1218 2543 1398 2607; x_wconf 86' lang='lat' dir='ltr'>Cum</span> <span class='ocrx_word' id='word_1_109' title='bbox 1431 2537 1517 2606; x_wconf 92' lang='lat' dir='ltr'>de</span> <span class='ocrx_word' id='word_1_110' title='bbox 1548 2541 2015 2629; x_wconf 86' lang='lat' dir='ltr'>Superaequo</span> <span class='ocrx_word' id='word_1_111' title='bbox 2046 2541 2332 2626; x_wconf 84' lang='lat' dir='ltr'>agatur,</span> <span class='ocrx_word' id='word_1_112' title='bbox 2364 2537 2560 2616; x_wconf 91' lang='lat' dir='ltr'>Veri,</span> <span class='ocrx_word' id='word_1_113' title='bbox 2600 2539 2746 2604; x_wconf 85' lang='lat' dir='ltr'>An·</span> 
     </span>
     <span class='ocr_line' id='line_1_17' title="bbox 507 2663 2746 2753; baseline 0 -22"><span class='ocrx_word' id='word_1_114' title='bbox 507 2664 743 2732; x_wconf 91' lang='lat' dir='ltr'>tonini</span> <span class='ocrx_word' id='word_1_115' title='bbox 776 2668 844 2732; x_wconf 84' lang='lat' dir='ltr'>et</span> <span class='ocrx_word' id='word_1_116' title='bbox 874 2664 1252 2732; x_wconf 86' lang='lat' dir='ltr'>Commodi</span> <span class='ocrx_word' id='word_1_117' title='bbox 1286 2664 1591 2733; x_wconf 88' lang='lat' dir='ltr'>nomina</span> <span class='ocrx_word' id='word_1_118' title='bbox 1621 2665 2015 2752; x_wconf 85' lang='lat' dir='ltr'>gromatioi</span> <span class='ocrx_word' id='word_1_119' title='bbox 2057 2664 2458 2753; x_wconf 87' lang='lat' dir='ltr'>proferunt,</span> <span class='ocrx_word' id='word_1_120' title='bbox 2494 2667 2563 2732; x_wconf 88' lang='lat' dir='ltr'>et</span> <span class='ocrx_word' id='word_1_121' title='bbox 2593 2663 2746 2753; x_wconf 92' lang='lat' dir='ltr'>ipse</span> 
     </span>
     <span class='ocr_line' id='line_1_18' title="bbox 502 2791 2739 2881; baseline 0.001 -24"><span class='ocrx_word' id='word_1_122' title='bbox 502 2794 752 2876; x_wconf 75' lang='lat' dir='ltr'>Zumpt</span> <span class='ocrx_word' id='word_1_123' title='bbox 785 2791 1184 2860; x_wconf 73' lang='lat' dir='ltr'>Octaviano</span> <span class='ocrx_word' id='word_1_124' title='bbox 1218 2791 1537 2879; x_wconf 85' lang='lat' dir='ltr'>priorem</span> <span class='ocrx_word' id='word_1_125' title='bbox 1561 2812 2196 2881; x_wconf 87' lang='lat' dir='ltr'>superaequanam</span> <span class='ocrx_word' id='word_1_126' title='bbox 2226 2794 2739 2860; x_wconf 85' lang='lat' dir='ltr'>veteranorum</span> 
     </span>
     <span class='ocr_line' id='line_1_19' title="bbox 506 2914 2747 3005; baseline 0.001 -22"><span class='ocrx_word' id='word_1_127' title='bbox 506 2914 937 2985; x_wconf 91' lang='lat' dir='ltr'>missionem</span> <span class='ocrx_word' id='word_1_128' title='bbox 973 2917 1326 2986; x_wconf 86' lang='lat' dir='ltr'>attribuit.</span> <span class='ocrx_word' id='word_1_129' title='bbox 1367 2944 1400 2981; x_wconf 89' lang='lat'>«</span> <span class='ocrx_word' id='word_1_130' title='bbox 1430 2916 1726 2986; x_wconf 84' lang='lat' dir='ltr'>Colonia</span> <span class='ocrx_word' id='word_1_131' title='bbox 1756 2937 2329 3005; x_wconf 87' lang='lat' dir='ltr'>superaequana.</span> <span class='ocrx_word' id='word_1_132' title='bbox 2364 2919 2557 3003; x_wconf 85' lang='lat' dir='ltr'>Ager</span> <span class='ocrx_word' id='word_1_133' title='bbox 2586 2916 2747 2985; x_wconf 90' lang='lat' dir='ltr'>eius</span> 
     </span>
     <span class='ocr_line' id='line_1_20' title="bbox 507 3043 2745 3134; baseline -0.002 -20"><span class='ocrx_word' id='word_1_134' title='bbox 507 3045 878 3114; x_wconf 85' lang='lat' dir='ltr'>veteranis</span> <span class='ocrx_word' id='word_1_135' title='bbox 910 3048 1016 3113; x_wconf 92' lang='lat' dir='ltr'>est</span> <span class='ocrx_word' id='word_1_136' title='bbox 1049 3044 1492 3134; x_wconf 78' lang='lat' dir='ltr'>assignatuS,</span> <span class='ocrx_word' id='word_1_137' title='bbox 1528 3043 1653 3112; x_wconf 93' lang='lat' dir='ltr'>sed</span> <span class='ocrx_word' id='word_1_138' title='bbox 1686 3047 1933 3132; x_wconf 87' lang='lat' dir='ltr'>postea</span> <span class='ocrx_word' id='word_1_139' title='bbox 1962 3044 2196 3111; x_wconf 89' lang='lat' dir='ltr'>Verus</span> <span class='ocrx_word' id='word_1_140' title='bbox 2230 3045 2298 3110; x_wconf 91' lang='lat' dir='ltr'>et</span> <span class='ocrx_word' id='word_1_141' title='bbox 2328 3043 2745 3110; x_wconf 86' lang='lat' dir='ltr'>Antoninus</span> 
     </span>
     <span class='ocr_line' id='line_1_21' title="bbox 507 3166 2751 3260; baseline -0.004 -20"><span class='ocrx_word' id='word_1_142' title='bbox 507 3175 576 3240; x_wconf 88' lang='lat' dir='ltr'>et</span> <span class='ocrx_word' id='word_1_143' title='bbox 635 3172 1076 3240; x_wconf 85' lang='lat' dir='ltr'>Commodus</span> <span class='ocrx_word' id='word_1_144' title='bbox 1152 3170 1399 3260; x_wconf 89' lang='lat' dir='ltr'>aliqua</span> <span class='ocrx_word' id='word_1_145' title='bbox 1465 3167 1772 3259; x_wconf 86' lang='lat' dir='ltr'>privatis</span> <span class='ocrx_word' id='word_1_146' title='bbox 1839 3169 2363 3236; x_wconf 79' lang='lat' dir='ltr'>concesserunt</span> <span class='ocrx_word' id='word_1_147' title='bbox 2412 3166 2529 3258; x_wconf 77' lang='lat'>(4).</span> <span class='ocrx_word' id='word_1_148' title='bbox 2584 3192 2616 3232; x_wconf 89' lang='lat'>»</span> <span class='ocrx_word' id='word_1_149' title='bbox 2662 3206 2751 3220; x_wconf 96' lang='lat'>—-</span> 
     </span>
     <span class='ocr_line' id='line_1_22' title="bbox 523 3293 2744 3384; baseline -0.001 -21"><span class='ocrx_word' id='word_1_150' title='bbox 523 3323 555 3363; x_wconf 84' lang='lat'>«</span> <span class='ocrx_word' id='word_1_151' title='bbox 581 3295 926 3366; x_wconf 93' lang='lat' dir='ltr'>Solmona</span> <span class='ocrx_word' id='word_1_152' title='bbox 947 3319 1031 3366; x_wconf 89' lang='lat' dir='ltr'>ea</span> <span class='ocrx_word' id='word_1_153' title='bbox 1054 3296 1212 3384; x_wconf 85' lang='lat' dir='ltr'>lege</span> <span class='ocrx_word' id='word_1_154' title='bbox 1236 3298 1342 3364; x_wconf 87' lang='lat' dir='ltr'>est</span> <span class='ocrx_word' id='word_1_155' title='bbox 1359 3295 1731 3384; x_wconf 83' lang='lat' dir='ltr'>assignata</span> <span class='ocrx_word' id='word_1_156' title='bbox 1752 3315 1897 3384; x_wconf 90' lang='lat' dir='ltr'>qua</span> <span class='ocrx_word' id='word_1_157' title='bbox 1919 3296 1989 3361; x_wconf 90' lang='lat' dir='ltr'>et</span> <span class='ocrx_word' id='word_1_158' title='bbox 2005 3315 2182 3382; x_wconf 85' lang='lat' dir='ltr'>ager</span> <span class='ocrx_word' id='word_1_159' title='bbox 2201 3293 2539 3362; x_wconf 83' lang='lat' dir='ltr'>Eserniae</span> <span class='ocrx_word' id='word_1_160' title='bbox 2560 3295 2684 3381; x_wconf 85' lang='lat'>(5).</span> <span class='ocrx_word' id='word_1_161' title='bbox 2711 3319 2744 3360; x_wconf 82' lang='grc'><strong>»</strong></span> 
     </span>
     <span class='ocr_line' id='line_1_23' title="bbox 472 3417 2745 3510; baseline -0.001 -19"><span class='ocrx_word' id='word_1_162' title='bbox 472 3489 474 3491; x_wconf 77' lang='grc'>,</span> <span class='ocrx_word' id='word_1_163' title='bbox 517 3426 602 3489; x_wconf 86' lang='lat' dir='ltr'>At</span> <span class='ocrx_word' id='word_1_164' title='bbox 637 3449 668 3487; x_wconf 83' lang='lat'>«</span> <span class='ocrx_word' id='word_1_165' title='bbox 708 3422 1004 3489; x_wconf 82' lang='lat' dir='ltr'>Esernia</span> <span class='ocrx_word' id='word_1_166' title='bbox 1057 3420 1406 3510; x_wconf 90' lang='lat' dir='ltr'>oppidum</span> <span class='ocrx_word' id='word_1_167' title='bbox 1455 3419 1560 3507; x_wconf 86' lang='lat' dir='ltr'>(ut</span> <span class='ocrx_word' id='word_1_168' title='bbox 1614 3418 1823 3486; x_wconf 88' lang='lat' dir='ltr'>aiunt</span> <span class='ocrx_word' id='word_1_169' title='bbox 1872 3417 2047 3488; x_wconf 88' lang='lat' dir='ltr'>alibi</span> <span class='ocrx_word' id='word_1_170' title='bbox 2088 3417 2502 3507; x_wconf 82' lang='lat' dir='ltr'>gromatioi)</span> <span class='ocrx_word' id='word_1_171' title='bbox 2538 3440 2745 3490; x_wconf 90' lang='lat' dir='ltr'>muro</span> 
     </span>
     <span class='ocr_line' id='line_1_24' title="bbox 513 3543 2750 3634; baseline 0 -20"><span class='ocrx_word' id='word_1_172' title='bbox 513 3546 844 3633; x_wconf 83' lang='lat' dir='ltr'>ductum,</span> <span class='ocrx_word' id='word_1_173' title='bbox 890 3548 1096 3615; x_wconf 93' lang='lat' dir='ltr'>iussu</span> <span class='ocrx_word' id='word_1_174' title='bbox 1151 3545 1458 3614; x_wconf 85' lang='lat' dir='ltr'>Neronis</span> <span class='ocrx_word' id='word_1_175' title='bbox 1514 3548 1621 3612; x_wconf 89' lang='lat' dir='ltr'>est</span> <span class='ocrx_word' id='word_1_176' title='bbox 1673 3543 2073 3612; x_wconf 79' lang='lat' dir='ltr'>deductum</span> <span class='ocrx_word' id='word_1_177' title='bbox 2110 3544 2229 3632; x_wconf 85' lang='lat'>(6).</span> <span class='ocrx_word' id='word_1_178' title='bbox 2275 3571 2306 3606; x_wconf 94' lang='lat'>»</span> <span class='ocrx_word' id='word_1_179' title='bbox 2351 3583 2437 3593; x_wconf 92' lang='lat'><em>-</em></span> <span class='ocrx_word' id='word_1_180' title='bbox 2480 3572 2510 3606; x_wconf 94' lang='lat'>«</span> <span class='ocrx_word' id='word_1_181' title='bbox 2557 3549 2750 3634; x_wconf 84' lang='lat' dir='ltr'>Ager</span> 
     </span>
     <span class='ocr_line' id='line_1_25' title="bbox 512 3666 2745 3758; baseline -0.001 -19"><span class='ocrx_word' id='word_1_182' title='bbox 512 3670 863 3739; x_wconf 79' lang='lat' dir='ltr'>corfinius</span> <span class='ocrx_word' id='word_1_183' title='bbox 902 3670 1062 3758; x_wconf 86' lang='lat' dir='ltr'>lege</span> <span class='ocrx_word' id='word_1_184' title='bbox 1102 3668 1537 3756; x_wconf 88' lang='lat' dir='ltr'>Sempronia</span> <span class='ocrx_word' id='word_1_185' title='bbox 1569 3669 1677 3735; x_wconf 91' lang='lat' dir='ltr'>est</span> <span class='ocrx_word' id='word_1_186' title='bbox 1711 3667 2131 3754; x_wconf 84' lang='lat' dir='ltr'>assignatus</span> <span class='ocrx_word' id='word_1_187' title='bbox 2161 3667 2279 3755; x_wconf 88' lang='lat'>(7).</span> <span class='ocrx_word' id='word_1_188' title='bbox 2322 3690 2353 3730; x_wconf 86' lang='lat'>»</span> <span class='ocrx_word' id='word_1_189' title='bbox 2390 3666 2526 3735; x_wconf 88' lang='lat' dir='ltr'>Sed</span> <span class='ocrx_word' id='word_1_190' title='bbox 2562 3692 2592 3732; x_wconf 72' lang='grc' dir='ltr'>(ι</span> <span class='ocrx_word' id='word_1_191' title='bbox 2630 3689 2745 3737; x_wconf 85' lang='lat' dir='ltr'>co·</span> 
     </span>
    </p>
   </div>
   <div class='ocr_carea' id='block_1_7' title="bbox 516 3888 2745 4753">
    <p class='ocr_par' dir='ltr' id='par_1_7' title="bbox 516 3888 2743 4059">
     <span class='ocr_line' id='line_1_26' title="bbox 583 3888 2743 3963; baseline 0 -16"><span class='ocrx_word' id='word_1_192' title='bbox 583 3891 658 3963; x_wconf 86' lang='lat'>(1)</span> <span class='ocrx_word' id='word_1_193' title='bbox 690 3893 887 3958; x_wconf 76' lang='lat' dir='ltr'>Zumpr,</span> <span class='ocrx_word' id='word_1_194' title='bbox 939 3890 1005 3945; x_wconf 86' lang='lat' dir='ltr'>de</span> <span class='ocrx_word' id='word_1_195' title='bbox 1061 3889 1298 3947; x_wconf 78' lang='lat' dir='ltr'>Coloniis</span> <span class='ocrx_word' id='word_1_196' title='bbox 1342 3890 1709 3944; x_wconf 77' lang='lat' dir='ltr'>Romanorum</span> <span class='ocrx_word' id='word_1_197' title='bbox 1753 3888 2092 3944; x_wconf 75' lang='lat' dir='ltr'>militaribus</span> <span class='ocrx_word' id='word_1_198' title='bbox 2130 3888 2258 3943; x_wconf 77' lang='lat' dir='ltr'>libri</span> <span class='ocrx_word' id='word_1_199' title='bbox 2297 3894 2585 3958; x_wconf 79' lang='lat' dir='ltr'>quattuor,</span> <span class='ocrx_word' id='word_1_200' title='bbox 2634 3888 2691 3943; x_wconf 93' lang='lat' dir='ltr'>in</span> <span class='ocrx_word' id='word_1_201' title='bbox 2730 3908 2743 3947; x_wconf 92' lang='lat'><strong>:</strong></span> 
     </span>
     <span class='ocr_line' id='line_1_27' title="bbox 516 3987 2125 4059; baseline -0.001 -14"><span class='ocrx_word' id='word_1_202' title='bbox 516 3991 811 4045; x_wconf 80' lang='lat' dir='ltr'>Comment.</span> <span class='ocrx_word' id='word_1_203' title='bbox 844 3989 1162 4059; x_wconf 66' lang='lat' dir='ltr'>epiqraph„</span> <span class='ocrx_word' id='word_1_204' title='bbox 1194 3987 1463 4055; x_wconf 91' lang='lat' dir='ltr'>Berolini,</span> <span class='ocrx_word' id='word_1_205' title='bbox 1501 3987 1658 4054; x_wconf 81' lang='grc'><strong>1850,</strong></span> <span class='ocrx_word' id='word_1_206' title='bbox 1692 4003 1748 4057; x_wconf 93' lang='lat' dir='ltr'>p.</span> <span class='ocrx_word' id='word_1_207' title='bbox 1783 3989 1885 4042; x_wconf 81' lang='lat'>258</span> <span class='ocrx_word' id='word_1_208' title='bbox 1916 3994 1972 4042; x_wconf 83' lang='lat' dir='ltr'>et</span> <span class='ocrx_word' id='word_1_209' title='bbox 2001 3990 2125 4043; x_wconf 87' lang='grc'>261.</span> 
     </span>
    </p>

    <p class='ocr_par' dir='ltr' id='par_1_8' title="bbox 583 4088 2119 4161">
     <span class='ocr_line' id='line_1_28' title="bbox 583 4088 2119 4161; baseline -0.001 -17"><span class='ocrx_word' id='word_1_210' title='bbox 583 4089 664 4161; x_wconf 87' lang='grc'>(2)</span> <span class='ocrx_word' id='word_1_211' title='bbox 700 4090 855 4143; x_wconf 81' lang='lat' dir='ltr'>Liber</span> <span class='ocrx_word' id='word_1_212' title='bbox 884 4090 1248 4157; x_wconf 78' lang='lat' dir='ltr'>coloniarum,</span> <span class='ocrx_word' id='word_1_213' title='bbox 1281 4088 1336 4141; x_wconf 89' lang='lat' dir='ltr'>iu</span> <span class='ocrx_word' id='word_1_214' title='bbox 1365 4104 1378 4141; x_wconf 79' lang='lat' dir='ltr'><em>z</em></span> <span class='ocrx_word' id='word_1_215' title='bbox 1413 4088 1717 4144; x_wconf 78' lang='lat' dir='ltr'>Gromatici</span> <span class='ocrx_word' id='word_1_216' title='bbox 1742 4093 1969 4154; x_wconf 84' lang='lat' dir='ltr'>veteres,</span> <span class='ocrx_word' id='word_1_217' title='bbox 2002 4091 2043 4141; x_wconf 87' lang='lat' dir='ltr'>t.</span> <span class='ocrx_word' id='word_1_218' title='bbox 2076 4090 2119 4143; x_wconf 95' lang='lat' dir='ltr'>I.</span> 
     </span>
    </p>

    <p class='ocr_par' dir='ltr' id='par_1_9' title="bbox 517 4183 2745 4354">
     <span class='ocr_line' id='line_1_29' title="bbox 582 4183 2745 4261; baseline 0 -19"><span class='ocrx_word' id='word_1_219' title='bbox 582 4188 654 4256; x_wconf 86' lang='lat'>(3)</span> <span class='ocrx_word' id='word_1_220' title='bbox 685 4188 977 4252; x_wconf 65' lang='lat' dir='ltr'>Mommsen,</span> <span class='ocrx_word' id='word_1_221' title='bbox 1029 4187 1116 4240; x_wconf 83' lang='lat' dir='ltr'>die</span> <span class='ocrx_word' id='word_1_222' title='bbox 1144 4185 1444 4241; x_wconf 79' lang='lat' dir='ltr'>Italischen</span> <span class='ocrx_word' id='word_1_223' title='bbox 1472 4185 1942 4255; x_wconf 72' lang='lat' dir='ltr'>Biirqercolonz&#39;en</span> <span class='ocrx_word' id='word_1_224' title='bbox 1968 4200 2077 4240; x_wconf 84' lang='lat' dir='ltr'>von</span> <span class='ocrx_word' id='word_1_225' title='bbox 2106 4185 2264 4240; x_wconf 82' lang='lat' dir='ltr'>Sulla</span> <span class='ocrx_word' id='word_1_226' title='bbox 2291 4183 2371 4241; x_wconf 77' lang='lat' dir='ltr'>bis</span> <span class='ocrx_word' id='word_1_227' title='bbox 2417 4186 2745 4261; x_wconf 76' lang='lat' dir='ltr'>Vespasian,</span> 
     </span>
     <span class='ocr_line' id='line_1_30' title="bbox 517 4282 1847 4354; baseline 0.001 -16"><span class='ocrx_word' id='word_1_228' title='bbox 517 4282 576 4338; x_wconf 92' lang='lat' dir='ltr'>in</span> <span class='ocrx_word' id='word_1_229' title='bbox 610 4300 622 4339; x_wconf 90' lang='lat'>:</span> <span class='ocrx_word' id='word_1_230' title='bbox 656 4286 899 4351; x_wconf 75' lang='lat' dir='ltr'>HermeS,</span> <span class='ocrx_word' id='word_1_231' title='bbox 930 4288 971 4338; x_wconf 87' lang='lat' dir='ltr'>t.</span> <span class='ocrx_word' id='word_1_232' title='bbox 1002 4285 1184 4352; x_wconf 89' lang='lat' dir='ltr'>XVIII,</span> <span class='ocrx_word' id='word_1_233' title='bbox 1222 4284 1377 4351; x_wconf 88' lang='lat'><strong>1883,</strong></span> <span class='ocrx_word' id='word_1_234' title='bbox 1410 4299 1469 4354; x_wconf 91' lang='lat' dir='ltr'>p.</span> <span class='ocrx_word' id='word_1_235' title='bbox 1503 4283 1599 4337; x_wconf 83' lang='lat'>161</span> <span class='ocrx_word' id='word_1_236' title='bbox 1635 4287 1692 4338; x_wconf 85' lang='lat' dir='ltr'>et</span> <span class='ocrx_word' id='word_1_237' title='bbox 1724 4282 1847 4339; x_wconf 88' lang='grc'>171.</span> 
     </span>
    </p>

    <p class='ocr_par' dir='ltr' id='par_1_10' title="bbox 582 4380 1418 4455">
     <span class='ocr_line' id='line_1_31' title="bbox 582 4380 1418 4455; baseline 0.001 -18"><span class='ocrx_word' id='word_1_238' title='bbox 582 4384 662 4455; x_wconf 80' lang='lat'>(4)</span> <span class='ocrx_word' id='word_1_239' title='bbox 696 4380 861 4437; x_wconf 81' lang='lat' dir='ltr'>Liber</span> <span class='ocrx_word' id='word_1_240' title='bbox 887 4383 1092 4452; x_wconf 64' lang='lat' dir='ltr'>colon„</span> <span class='ocrx_word' id='word_1_241' title='bbox 1124 4398 1183 4453; x_wconf 91' lang='lat' dir='ltr'>p.</span> <span class='ocrx_word' id='word_1_242' title='bbox 1215 4383 1341 4449; x_wconf 84' lang='grc'><strong>229,</strong></span> <span class='ocrx_word' id='word_1_243' title='bbox 1364 4382 1418 4438; x_wconf 93' lang='grc'>8.</span> 
     </span>
    </p>

    <p class='ocr_par' dir='ltr' id='par_1_11' title="bbox 581 4481 1310 4553">
     <span class='ocr_line' id='line_1_32' title="bbox 581 4481 1310 4553; baseline -0.003 -17"><span class='ocrx_word' id='word_1_244' title='bbox 581 4481 663 4553; x_wconf 83' lang='lat'>(5)</span> <span class='ocrx_word' id='word_1_245' title='bbox 702 4481 865 4550; x_wconf 63' lang='lat' dir='ltr'>lbid„</span> <span class='ocrx_word' id='word_1_246' title='bbox 895 4483 937 4549; x_wconf 92' lang='lat' dir='ltr'>I,</span> <span class='ocrx_word' id='word_1_247' title='bbox 971 4497 1028 4552; x_wconf 92' lang='lat' dir='ltr'>p.</span> <span class='ocrx_word' id='word_1_248' title='bbox 1061 4482 1187 4549; x_wconf 89' lang='grc'><strong>260,</strong></span> <span class='ocrx_word' id='word_1_249' title='bbox 1226 4482 1310 4535; x_wconf 90' lang='grc'>16.</span> 
     </span>
    </p>

    <p class='ocr_par' dir='ltr' id='par_1_12' title="bbox 592 4578 1182 4653">
     <span class='ocr_line' id='line_1_33' title="bbox 592 4578 1182 4653; baseline -0.003 -18"><span class='ocrx_word' id='word_1_250' title='bbox 592 4580 667 4653; x_wconf 87' lang='grc'>(6)</span> <span class='ocrx_word' id='word_1_251' title='bbox 693 4578 864 4647; x_wconf 77' lang='grc' dir='ltr'>Ιόἱά.,</span> <span class='ocrx_word' id='word_1_252' title='bbox 896 4596 954 4651; x_wconf 87' lang='lat' dir='ltr'>p.</span> <span class='ocrx_word' id='word_1_253' title='bbox 978 4581 1103 4649; x_wconf 91' lang='grc'><strong>260,</strong></span> <span class='ocrx_word' id='word_1_254' title='bbox 1131 4583 1182 4634; x_wconf 88' lang='grc'>7.</span> 
     </span>
    </p>

    <p class='ocr_par' dir='ltr' id='par_1_13' title="bbox 589 4676 1559 4753">
     <span class='ocr_line' id='line_1_34' title="bbox 589 4676 1559 4753; baseline -0.006 -17"><span class='ocrx_word' id='word_1_255' title='bbox 589 4678 672 4753; x_wconf 88' lang='grc'>(7)</span> <span class='ocrx_word' id='word_1_256' title='bbox 703 4678 871 4747; x_wconf 77' lang='grc' dir='ltr'>Ιόίά.,</span> <span class='ocrx_word' id='word_1_257' title='bbox 902 4695 961 4750; x_wconf 95' lang='lat' dir='ltr'>p.</span> <span class='ocrx_word' id='word_1_258' title='bbox 985 4679 1111 4748; x_wconf 88' lang='grc'><strong>228,</strong></span> <span class='ocrx_word' id='word_1_259' title='bbox 1140 4677 1206 4732; x_wconf 89' lang='grc'>18</span> <span class='ocrx_word' id='word_1_260' title='bbox 1234 4679 1292 4732; x_wconf 85' lang='lat' dir='ltr'>et</span> <span class='ocrx_word' id='word_1_261' title='bbox 1320 4678 1444 4746; x_wconf 80' lang='lat'><strong>255,</strong></span> <span class='ocrx_word' id='word_1_262' title='bbox 1473 4676 1559 4731; x_wconf 84' lang='lat'>12.</span> 
     </span>
    </p>
   </div>
  </div>
 </body>
</html>
