3557 5559
1764 555 2117 625 ...76-

827 751 1085 823 ductae
1117 752 1239 843 (1).
1285 752 1464 822 Cum
1498 753 1645 821 iam
1688 755 1849 844 post
1878 751 2145 822 sociale
2173 750 2444 821 bellum
2490 756 2722 820 Roma
2756 754 2826 819 et
2855 750 3067 820 Italia

827 880 1245 969 coepissent
1283 883 1362 948 ut
1393 900 1621 948 unam
1652 878 1933 964 haberi,
1955 877 2343 947 Sullanum
2377 877 2596 949 civile
2625 876 2904 947 bellum
2948 899 3067 967 pe-

831 1003 1015 1092 regit
1055 1024 1237 1094 opus
1288 1024 1806 1093 summamque
1857 1003 2311 1072 confusionis
2350 1003 2426 1070 in
2472 1005 2847 1093 posterum
2897 1023 3069 1071 oon-

831 1128 1156 1198 firmavit
1188 1131 1306 1219 (2).

917 1253 1168 1324 Florus
1199 1259 1451 1323 auctor
1480 1274 1638 1324 esse
1668 1254 1957 1324 videtur
1983 1275 2207 1323 unam
2241 1276 2277 1323 e
2313 1254 2831 1344 Paelignorum
2867 1255 3067 1324 urbi-

830 1389 962 1453 bus
1002 1387 1180 1453 tune
1223 1384 1481 1452 ultima
1527 1384 1678 1474 pati
1713 1406 1727 1450 ε
1769 1409 1804 1449 α
1838 1385 2290 1462 Sulmonem,
2327 1388 2533 1453 vetus
2570 1385 2924 1474 oppidum
2953 1405 3067 1453 so-

830 1508 1033 1578 cium
1100 1513 1314 1598 atque
1382 1509 1714 1577 amioum
1791 1508 2107 1598 (facinus
2189 1509 2583 1597 indignum
2622 1509 2669 1600 1)
2732 1510 3067 1578 nondum

827 1636 1346 1723 expugnatum,
1385 1638 1462 1702 ut
1501 1633 1784 1702 obsides
1834 1634 1991 1703 iure
2030 1633 2204 1704 belli
2253 1638 2323 1703 et
2365 1655 2532 1703 mox
2583 1638 2816 1704 morte
2857 1635 3067 1703 dam-

829 1761 982 1827 nati
1016 1760 1185 1829 duci
1206 1760 1586 1850 Jubentur,
1619 1762 1723 1830 sio
1758 1762 2178 1831 damnatam
2210 1762 2588 1832 civitatem
2620 1763 2836 1832 iussit
2866 1762 3069 1832 Sulla

828 1883 1052 1951 deleri
1083 1884 1198 1974 (3).
1233 1910 1266 1949 ›>
1292 1889 1429 1953 Res
1460 1888 1701 1954 autem
1738 1887 2312 1955 controversiam
2348 1888 2591 1957 habet.
2620 1886 2851 1956 Urbes
2882 1889 3069 1958 duae

829 2011 903 2078 in
947 2011 1151 2080 Italia
1190 2012 1444 2081 eodem
1476 2014 1777 2103 nomine
1818 2013 2400 2103 appellabantur,
2437 2036 2585 2084 una
2614 2014 2690 2082 in
2721 2015 3072 2106 paeligna

830 2136 1151 2226 regione,
1187 2136 1416 2206 altera
1455 2138 1533 2205 in
1568 2138 1765 2206 Latio
1799 2141 2063 2220 vetere,
2098 2159 2299 2207 nuno
2338 2144 2748 2210 Sermonem
2779 2144 3069 2209 vocata.

831 2263 1115 2333 Plinius
1162 2263 1362 2333 huno
1410 2264 1721 2334 latinum
1772 2264 2203 2334 Sulmonem
2252 2263 2572 2334 deletum
2618 2270 2690 2336 et
2730 2287 3070 2335 eversum

829 2390 1013 2459 vidit
1054 2391 1181 2482 (4).
1232 2397 1446 2480 Panf.
1501 2394 1810 2479 Serafim’
1861 2393 2068 2481 putat
2097 2391 2366 2459 Sullam
2404 2392 2494 2475 ei,
2532 2413 2770 2482 neque
2803 2394 3070 2484 oppido

832 2514 1199 2606 paeligno,
1233 2516 1568 2585 intulisse
1592 2516 1977 2601 damnum,
2001 2515 2576 2606 firmissimaque
2609 2518 2818 2586 aflert
2850 2540 3073 2607 argu-

838 2644 1086 2707 menta
1116 2642 1204 2729 (5)
1241 2666 1256 2706 z
1295 2641 1809 2730 imperatorem
1860 2661 2031 2708 oum
2091 2641 2443 2710 Marianis
2491 2645 2561 2710 et
2609 2643 3074 2712 Samnitibus

834 2763 907 2831 in
945 2763 1373 2854 Campania,
1408 2765 1484 2833 in
1516 2766 1744 2848 Latio,
1780 2766 1853 2834 in
1892 2766 2176 2836 Etruria
2209 2768 2705 2857 pugnavisse3
2741 2768 3082 2839 civitates

837 2912 1018 2981 quas
1040 2890 1318 2959 excidio
1348 2912 1432 2959 ao
1476 2890 1709 2959 ruinis
1740 2891 2082 2976 dedisset,
2124 2891 2553 2982 Spoletium,
2578 2897 3077 2976 praenestem,

838 3014 1303 3098 Florentiam,
1320 3014 2231 3100 VolaterraS,Aeserniam,
2257 3015 2766 3104 Populoniam,
2784 3016 3078 3103 Nolam,

838 3146 1299 3212 Interamnae
1320 3143 1777 3221 Volscorum,
1803 3141 2262 3233 Tyrrhenum
2298 3161 2498 3210 mare
2528 3161 2784 3210 versus
2807 3144 3083 3232 positas

840 3291 1018 3339 esse.
1060 3271 1445 3361 Paelignos
1485 3270 2060 3359 haudquaquam
2110 3269 2190 3336 in
2231 3270 2510 3357 partem
2563 3267 2835 3337 sullani
2899 3270 3082 3338 eivi-

840 3395 927 3463 lis
959 3395 1131 3465 belli
1170 3397 1483 3466 venisse.

930 3523 1004 3590 Si
1062 3523 1436 3592 habuisset
1483 3522 1559 3590 in
1619 3521 1870 3590 animo
1924 3519 2128 3590 Sulla
2182 3518 2355 3590 belli
2403 3519 2696 3589 socialis
2751 3519 3077 3591 fautores

911 3773 986 3842 (1)
1018 3773 1168 3840 L1v.,
1198 3771 1477 3838 LXXXIX,
1515 3771 1661 3840 Epit.
1688 3788 1702 3838 ς
1736 3798 1807 3810 —-
1838 3769 2062 3836 STRAB.,
2094 3769 2160 3837 V,
2193 3785 2250 3840 p.
2284 3768 2388 3823 249
2413 3784 2425 3835 ;
2455 3799 2526 3807 —
2555 3768 2810 3836 Apmm„
2840 3769 2909 3824 de
2936 3769 3079 3824 Bell.

840 3871 1014 3939 civil„
1050 3874 1093 3936 1,
1127 3871 1388 3925 100-104.
1420 3899 1487 3910 —
1520 3866 1604 3923 Cf.
1636 3869 1867 3922 DUREAU
1914 3884 1981 3922 ns
2027 3882 2096 3920 LA
2141 3867 2350 3934 MALLE,
2383 3865 2716 3921 Recherehes
2743 3882 2841 3921 sur
2869 3867 3076 3939 l'affai-

845 3973 1153 4027 blissement
1210 3971 1276 4025 de
1334 3970 1389 4024 la
1434 3967 1781 4040 population
1836 3972 1892 4023 et
1938 3968 2030 4023 des
2068 3966 2331 4037 produits
2386 3965 2453 4020 de
2502 3966 2702 4022 l'1talie
2727 3967 2988 4037 pendant
3036 3969 3086 4023 le

843 4082 936 4127 vu⁰
984 4071 1143 4126 siecle
1192 4069 1261 4126 de
1314 4072 1501 4137 Rome,
1536 4067 1644 4122 in:
1703 4068 1861 4122 Me'm.
1906 4065 1973 4121 de
2021 4063 2289 4120 l’Institut
2334 4064 2515 4136 royal,
2567 4065 2742 4121 Acad.
2781 4065 2874 4121 des
2912 4070 3083 4129 inse..

846 4175 884 4225 t.
917 4170 1033 4239 XII,
1067 4169 1225 4236 1836,
1258 4185 1316 4240 p.
1340 4170 1464 4223 286.

914 4268 991 4341 (2)
1020 4269 1207 4336 Moab,
1239 4283 1331 4339 op.
1362 4268 1482 4333 eit„
1513 4280 1569 4336 p.
1598 4264 1688 4320 93.

911 4367 989 4439 (3)
1029 4368 1265 4434 nonus,
1295 4369 1388 4432 111,
1418 4368 1506 4420 22.

913 4468 986 4541 (4)
1018 4469 1197 4536 Pura,
1228 4467 1370 4521 nist.
1400 4466 1554 4531 Nat„
1588 4466 1681 4535 ΙΙΙ,
1712 4467 1765 4531 5,
1800 4466 1852 4518 9.

911 4569 989 4640 (5)
1018 4569 1187 4622 PANF.
1221 4566 1499 4629 Samum,
1543 4562 1767 4619 Intorno
1798 4578 1832 4618 a
1871 4562 2133 4619 Sulmona
2172 4559 2260 4615 del
2313 4559 2477 4616 Lazio
2505 4558 2772 4615 distructa
2801 4558 2876 4613 da
2913 4561 3080 4616 Lucio

845 4667 1005 4737 Silla,
1038 4671 1098 4724 2²²
1127 4665 1242 4734 ed„
1275 4664 1575 4731 Sulmona,
1600 4660 1755 4716 1901.
