3557 5559
1685 556 2040 622 -52-

736 755 844 822 est
881 755 1158 822 veteres
1189 751 1588 842 scripturas
1617 752 1835 822 citius
1856 773 2079 843 quam
2103 773 2478 823 sermones
2508 774 2971 834 evanescere,

735 877 1357 969 moribundusque
1397 878 1748 948 dialectos
1807 878 2132 950 victricis
2179 880 2482 968 linguae
2516 880 2778 948 litteris
2836 880 2974 948 ali-

734 1003 1165 1093 quantisper
1200 1004 1301 1072 uti
1344 1004 1462 1093 (1).
1518 1005 2008 1083 Quamobrem
2066 1004 2142 1071 in
2204 1002 2345 1072 hac
2395 1004 2723 1093 regione,
2772 1007 2850 1073 ut
2896 1005 2972 1072 in

729 1127 990 1195 ceteris
1019 1126 1381 1196 sabellicis
1414 1128 1866 1217 regionibus,
1900 1150 1936 1197 e
1977 1128 2234 1207 titulis,
2272 1129 2614 1199 omnibus
2677 1132 2968 1218 praeter

730 1273 968 1321 unum
1007 1252 1258 1321 latinis
1298 1251 1555 1322 litteris
1585 1252 1964 1341 confectiS,
2001 1273 2202 1322 nunc
2256 1252 2478 1322 etiarn
2529 1273 2717 1343 quae
2755 1252 2974 1321 fucrit

730 1378 1036 1467 antiqua
1077 1377 1433 1446 dialectus
1482 1377 1760 1454 sentire
1821 1378 2016 1447 licet.
2071 1377 2304 1446 Huius
2353 1380 2561 1446 notas
2606 1398 2972 1466 gramma-

727 1504 855 1572 tici
877 1503 1434 1572 accuratissime
1456 1503 2000 1593 inquisiverunt
2031 1505 2147 1592 (2),
2176 1525 2213 1573 e
2237 1524 2550 1593 quorum
2576 1494 2972 1590 investiga·

729 1630 1052 1698 tionibus
1084 1634 1388 1720 apparet
1409 1629 1841 1720 paelignum
1866 1651 2277 1699 sermonem
2305 1631 2769 1720 potissimum
2797 1654 2970 1703 cum

726 1756 1079 1823 Oscorum
1138 1754 1394 1843 lingua
1428 1772 1859 1823 consonare.
1933 1756 2098 1823 Osci
2155 1755 2627 1844 Paelignique
2687 1758 2960 1846 pariter

727 1881 1280 1971 diphtongosaz'
1307 1886 1375 1951 et
1404 1902 1486 1951 ae
1517 1883 1860 1963 retinent,
1906 1882 2225 1951 litteram
2251 1903 2282 1951 s
2325 1883 2514 1951 inter
2544 1882 2723 1950 duas
2753 1904 2994 1953 voca--

729 2011 833 2079 les
866 2014 1334 2095 conservant,
1370 2012 1675 2080 omnino
1717 2031 1793 2079 rr
1821 2031 1952 2102 pro
1984 2031 2052 2080 rs
2090 2015 2218 2080 eto
2258 2033 2387 2101 pro
2430 2004 2476 2080 α’
2517 2015 2966 2100 supponunt,

731 2156 1101 2224 nusquam
1134 2138 1380 2204 autem
1412 2138 1489 2205 lzt
1529 2156 1658 2224 pro
1686 2139 1778 2222 ft,
1814 2146 1895 2204 nt
1924 2156 2053 2224 pro
2085 2137 2209 2215 nd,
2247 2138 2387 2204 etc.
2422 2138 2766 2203 Attamen
2810 2136 2968 2225 qui-

726 2261 1040 2331 busdam
1081 2261 1156 2329 in
1188 2261 1371 2330 locis
1418 2260 1761 2350 paeligna
1803 2261 2161 2331 dialectus
2211 2283 2384 2331 cum
2432 2262 2762 2331 umbrica
2792 2283 2962 2331 con-

731 2386 926 2473 gruit
957 2406 972 2453 :
1008 2387 1410 2456 ablativum
1446 2407 1703 2455 casum
1745 2407 1807 2469 e,
1854 2408 2089 2476 neque
2123 2389 2243 2466 ud,
2284 2391 2359 2456 ut
2397 2387 2472 2454 in
2508 2408 2679 2455 osca
2708 2388 2965 2475 lingua

732 2510 1065 2589 indicat3
1112 2531 1146 2579 e
1205 2511 1505 2580 interim
1551 2512 1624 2579 in
1682 2511 1920 2579 vicem
1971 2511 2450 2599 dipthtongae
2502 2515 2572 2580 εἰ
2618 2514 2966 2602 supponi-

732 2638 892 2714 tur;
942 2636 1382 2705 vocabulum
1433 2638 1623 2704 z'nom
1671 2620 1990 2704 umbrici
2052 2635 2395 2705 vocabuli
2455 2657 2681 2716 enom,
2727 2659 2965 2727 neque

732 2759 886 2828 osci
916 2759 1120 2845 inim,
1166 2760 1603 2828 memoriam
1646 2759 1890 2839 refert,
1941 2761 2081 2829 etc.
2128 2750 2599 2830 Corfiniensis
2656 2784 2827 2832 vero
2876 2762 2968 2832 ti-

730 2887 926 2955 tulus
958 2888 1083 2957 ubi
1112 2886 1333 2956 verba
1360 2888 1938 2975 prz'stasalace‘rz‘oe
1967 2889 2036 2956 et
2055 2890 2381 2957 herentem
2415 2887 2731 2975 legimus
2761 2889 2966 2957 sirni-

729 3010 867 3079 lior
941 3013 1048 3079 est
1115 3010 1558 3080 Umbrorum
1613 3011 1914 3100 linguae
1956 3031 2178 3100 quam
2237 3012 2523 3080 ceterae
2575 3012 2960 3101 paelignae

731 3137 1250 3226 inscriptiones
1303 3159 1319 3219 ;
1383 3137 1505 3205 hic
1554 3137 1753 3205 enim
1821 3137 2194 3206 invenitur
2263 3137 2547 3226 Cerfum
2611 3137 2878 3224 (umbr.
2938 3157 2954 3207 ε

730 3267 960 3351 SerfO,
995 3285 1142 3333 osc.
1211 3285 1225 3330 :
1270 3265 1526 3352 Kerrz).
1574 3263 1793 3332 Cuius
1851 3263 2511 3331 contaminationis
2539 3283 2761 3331 causa
2822 3263 2959 3331 fuit

730 3390 1112 3486 paelignae
1136 3389 1468 3477 regionis
1484 3389 1979 3479 geographica
2000 3388 2365 3457 condicio.
2395 3388 2739 3457 Sabellici
2762 3389 2959 3457 enim

730 3513 1054 3583 universi
1091 3512 1370 3602 populi,
1406 3513 1597 3580 inter
1629 3514 1851 3581 Oscos
1883 3516 1952 3581 et
2002 3512 2313 3580 Umbros
2355 3512 2591 3601 positi,
2638 3512 2713 3579 in
2773 3512 2955 3582 dial-

727 3641 905 3710 ectis
936 3640 1086 3708 suis
1116 3640 1393 3708 formas
1427 3638 1515 3708 ab
1549 3638 1662 3706 his
1702 3641 1771 3707 et
1802 3638 1949 3707 illis
1980 3638 2297 3707 adscitas
2331 3637 2698 3707 habebant
2740 3642 2956 3730 atque

724 3763 814 3832 ab
870 3784 1040 3832 osca
1090 3763 1348 3850 lingua
1390 3761 1480 3830 ad
1517 3761 1938 3830 umbricum
1981 3781 2394 3829 sermonem
2430 3762 2845 3842 transitum,
2881 3768 2956 3833 ut

722 3889 826 3958 ita
866 3888 1144 3969 dicam,
1189 3886 1583 3956 faciebant.

814 4017 1146 4105 Paeligni
1175 4015 1372 4085 tituli
1404 4014 1591 4083 nihil
1621 4014 1767 4084 fere
1799 4016 2080 4083 certum
2113 4014 2256 4082 nisi
2277 4013 2671 4084 hominum
2704 4018 2772 4085 et
2792 4016 2957 4087 deo-

721 4166 882 4212 rum
919 4143 1229 4212 nomina
1269 4143 1479 4212 nobis
1512 4141 1995 4211 tradiderunt.
2618 4156 2621 4158 “

812 4272 1121 4340 Eaedem
1155 4291 1369 4359 saepe
1404 4268 1790 4338 hominum
1835 4269 1950 4339 vel
1991 4269 2388 4339 mulierum
2421 4271 2946 4362 appellationes

720 4400 857 4467 hac
916 4399 993 4466 in
1039 4397 1333 4485 regione
1384 4396 1890 4486 praeromanis
1962 4398 2432 4488 romanisque
2497 4399 2950 4489 temporibus

788 4584 836 4656 (1
849 4595 861 4653 J
894 4586 1178 4650 Mommsen,
1211 4582 1300 4637 die
1336 4580 1800 4636 Unteritalischen
1831 4581 2097 4647 Dialem,
2130 4596 2187 4652 p.
2222 4580 2343 4636 335.

787 4681 866 4755 (2)
910 4683 1023 4737 VON
1056 4683 1298 4752 PLANTA,
1332 4696 1423 4751 op.
1457 4681 1577 4747 cit„
1610 4683 1651 4735 t.
1684 4681 1728 4748 1,
1755 4696 1812 4750 p.
1846 4678 1934 4734 18.
