3557 5559
1620 561 1974 629 -96-

688 755 1162 840 Damianum,
1205 776 1388 847 quos
1419 755 1831 826 diutissime
1861 756 2250 827 caedentes
2279 754 2700 845 ligaverunt
2729 754 2922 826 funi—

684 881 819 950 bus
841 902 1095 950 eorum
1137 879 1326 950 00118
1366 883 1437 949 et
1465 884 1843 950 traxerunt
1873 900 1994 950 eos
2024 880 2217 951 foras
2248 881 2651 965 civitatem,
2695 883 2765 950 et
2803 902 2921 949 50-

684 1005 995 1077 mivivos
1026 1027 1147 1076 eos
1177 1005 1719 1095 reliquerunt...
1755 1009 2082 1095 Cumque
2116 1006 2443 1076 iacerent
2463 1006 2637 1075 foris
2668 1027 2919 1075 muros

677 1134 1088 1221 civitatis„
1115 1138 1583 1224 surgentes...
1613 1135 1853 1204 saneti
1884 1136 2283 1225 coeperunt
2302 1135 2439 1204 iter
2462 1156 2756 1225 agere...
2782 1138 2920 1205 Ve-

684 1261 969 1331 nientes
1008 1261 1254 1350 itaque
1286 1260 1483 1329 iuxta
1526 1260 1835 1330 fluvium
1874 1260 2272 1329 Pisoariam
2318 1260 2397 1329 in
2452 1261 2611 1329 loeo
2639 1259 2761 1329 ubi
2819 1259 2920 1327 di-

684 1385 876 1455 eitur
906 1389 1097 1455 Pons
1127 1405 1582 1453 marmoreus
1610 1384 1738 1475 (1),
1767 1385 2213 1454 invenerunt
2250 1384 2351 1453 ibi
2382 1384 2779 1473 quemdam
2813 1384 2919 1452 iu·

686 1530 951 1581 venem
974 1509 1335 1579 iacentem
1369 1508 1945 1600 paralyticum...
1975 1512 2044 1577 et
2068 1509 2316 1578 statim
2349 1509 2667 1578 surrexit
2704 1510 2922 1578 homo

687 1655 915 1704 sanus
953 1633 1039 1702 de
1079 1633 1350 1703 lecto...
1377 1636 1704 1723 Cumque
1727 1633 2106 1702 audissent
2136 1633 2581 1702 habitatores
2599 1633 2924 1703 civitatis

684 1760 1119 1851 Iterpromii‚
1153 1743 1418 1829 {tenere
1447 1759 1590 1828 viri
1627 1762 1697 1827 et
1738 1759 2082 1828 mulieres
2112 1760 2200 1828 ad
2245 1763 2535 1828 sanctos
2567 1763 2925 1850 martyres

687 1891 757 1957 et
797 1888 1240 1974 rogaverunt
1270 1905 1390 1956 eos
1430 1888 1510 1953 ut
1540 1885 1639 1954 ibi
1672 1888 2216 1954 morarentur...
2250 1888 2432 1954 Ante
2482 1884 2655 1953 solis
2704 1907 2928 1954 0000-

686 2012 1260 2101 bitumingressi
1302 2012 1583 2081 suntin
1617 2012 1992 2083 civitatem
2058 2013 2496 2102 Zappinam‚
2561 2033 2746 2101 quae
2776 2017 2930 2081 erat

689 2149 890 2212 trans
924 2139 1236 2210 fluvium
1260 2142 1501 2222 Ortae,
1536 2142 1734 2212 iuxta
1803 2142 2112 2213 fluvium
2179 2141 2544 2210 Piseariae
2576 2145 2790 2231 atque
2846 2156 2931 2206 ex

689 2268 831 2336 alio
862 2267 1087 2336 latere
1127 2271 1283 2336 erat
1313 2263 1591 2336 flumen
1625 2267 1983 2336 Lavinum
2017 2267 2133 2356 (2).
2162 2266 2430 2335 Civitas
2462 2286 2784 2354 namque
2807 2261 2930 2330 1118

698 2392 1011 2462 habebat
1051 2392 1637 2482 iniquissimos...
1677 2414 2085 2483 paganos..
2126 2395 2500 2462 Duxerunt
2530 2413 2650 2460 eos
2699 2391 2775 2458 in
2817 2388 2932 2458 sil-

692 2538 863 2586 vam
897 2537 1252 2604 magnam
1289 2537 1438 2585 non
1471 2517 1687 2605 longe
1750 2537 1793 2584 a
1841 2515 2137 2584 civitate
2184 2515 2513 2607 Zappina
2544 2514 2789 2604 ibique
2820 2512 2932 2580 af·-

697 2641 903 2709 ssixos
945 2639 1209 2729 gladiis
1237 2639 1871 2709 decollaverunt...
1930 2639 2385 2728 Sepelierunt
2441 2659 2747 2727 corpora
2806 2658 2930 2705 eo-

697 2788 863 2837 rum
897 2767 973 2834 in
1005 2765 1261 2837 eadem
1295 2765 1480 2834 silva
1528 2789 1751 2857 prope
1793 2788 2145 2855 magnam
2195 2770 2504 2857 petram,
2541 2788 2727 2856 quae
2777 2768 2929 2835 erat

692 2891 792 2961 ibi
833 2891 955 2959 ubi
984 2890 1653 2960 exuberanteorum
1689 2890 2052 2961 beneficia
2087 2914 2312 2982 usque
2354 2892 2445 2960 ad
2489 2890 2928 2959 hodiernum

693 3016 886 3085 diem
927 3016 1027 3107 (3)
1096 3040 1156 3081 ».
1223 3018 1628 3085 Holstem’us
1661 3014 1885 3085 aliam
1948 3017 2413 3106 Interpromii
2472 3016 2927 3084 mentionem

692 3142 770 3210 in
793 3141 998 3211 Actis
1022 3142 1355 3232 martyrii
1384 3145 1453 3209 S.
1484 3142 1801 3225 comitii,
1829 3163 2014 3232 quae
2044 3142 2548 3231 manuscripta
2571 3141 2936 3211 habentur

690 3268 770 3336 in
810 3267 1065 3336 codiee
1103 3265 1574 3351 lateranensi,
1625 3266 1893 3337 vidisse
1948 3267 2163 3335 tradit
2220 3290 2232 3333 :
2275 3291 2307 3331 «
2340 3255 2691 3335 Comitius
2733 3266 2933 3335 enim

693 3392 982 3462 0001505
1021 3391 1294 3460 dicitur
1361 3391 1521 3460 loeo
1579 3392 1705 3481 qui
1755 3391 2028 3460 dicitur
2092 3392 2669 3483 Interprimium,
2734 3391 2932 3460 iuxta

696 3518 990 3604 pontem
1025 3513 1398 3603 lapideum
1439 3517 1528 3604 (4)
1563 3540 1627 3583 ».

785 3644 1039 3712 Invita
1087 3646 1156 3710 S.
1194 3642 1455 3725 pelini,
1500 3644 1869 3713 Brundisii
1922 3645 2485 3735 archiepiscopi,
2553 3648 2934 3718 narratum

770 3856 848 3931 (1)
878 3859 958 3915 De
989 3855 1102 3913 isto
1128 3861 1326 3929 ponte,
1357 3858 1427 3913 of.
1462 3841 1634 3930 supra
1683 3876 1739 3931 p.
1769 3861 1857 3915 80.

767 3957 845 4029 (2)
874 3960 1099 4013 Incerta
1126 3958 1388 4013 locorum
1430 3957 1690 4013 nomina.
1724 3958 2044 4026 Mommsen,
2089 3958 2148 4013 10
2180 3959 2241 4016 C.
2275 3962 2315 4013 l.
2359 3960 2445 4028 L.‚
2473 3960 2567 4028 lx,
2603 3975 2659 4030 p.
2695 3961 2818 4027 286,
2876 3977 2931 4014 n.

697 4055 1048 4125 1,existimat
1066 4072 1281 4112 nomen
1303 4055 1444 4111 illud
1466 4062 1770 4128 praeterea
1789 4056 2117 4112 inauditum
2138 4057 2425 4129 Zappinae
2445 4074 2511 4113 ex
2534 4060 2747 4113 menda
2766 4058 2941 4113 libra-

695 4154 914 4210 riorum
942 4153 1222 4226 originem
1251 4152 1494 4210 traxisse
1527 4160 1583 4210 et
1614 4153 1790 4210 fuisse
1822 4154 1944 4210 eius
1977 4156 2100 4211 1000
2133 4154 2188 4209 10
2223 4155 2365 4210 actis
2395 4155 2629 4211 sinceris
2662 4177 2690 4206 «
2722 4156 2776 4209 in
2808 4156 2939 4210 civi-

697 4256 873 4308 tatem
916 4267 1092 4322 supra
1121 4251 1332 4307 dictam
1367 4273 1418 4305 ».
1443 4254 1642 4308 Nonne
1673 4252 1875 4307 civitas
1898 4252 2020 4319 1118,
2053 4253 2111 4307 id
2145 4260 2227 4307 est
2250 4253 2721 4324 Interpromium,
2755 4269 2940 4326 pagus

697 4367 851 4406 nune
883 4349 995 4406 San
1029 4349 1325 4406 Valentino
1353 4354 1587 4406 vocatus
1618 4350 1800 4407 fuisse
1832 4350 2044 4406 debet?

771 4450 849 4522 (3)
879 4449 1023 4505 Acta
1051 4449 1400 4517 Sanctorum,
1434 4448 1619 4505 Martii
1656 4448 1897 4517 mensis,
1930 4453 1972 4504 t.
2006 4451 2073 4518 ΙΙ,
2105 4467 2163 4521 p.
2196 4450 2298 4505 425
2331 4466 2457 4522 sqq.

771 4549 846 4621 (4)
879 4548 1172 4614 HonsTeN„
1200 4548 1274 4603 ad
1306 4548 1571 4618 CLuvmz„
1619 4549 1791 4604 Italia
1842 4550 2090 4620 antiqua,
2123 4565 2180 4620 p.
2235 4548 2356 4616 144,
2389 4547 2545 4605 citat.
2597 4547 2652 4601 in
2684 4548 2742 4604 C.
2777 4548 2817 4603 1.
2851 4548 2933 4616 L.‚

701 4648 790 4717 IX,
821 4664 877 4721 p.
911 4648 1037 4706 286.
