3557 5559
1566 629 1922 698 ...57-

624 822 860 903 nium,
915 821 1374 909 Sulmonem,
1436 826 1991 913 Superaequum
2052 821 2561 902 condiderant,
2643 820 2859 892 urbes

622 950 835 1039 porro
879 971 1082 1018 rarae
1114 951 1325 1018 erant
1355 954 1424 1019 et
1455 970 1746 1040 parvae.

710 1079 866 1148 Non
900 1083 1007 1148 est
1047 1083 1125 1148 ut
1158 1078 1544 1168 Paelignos
1575 1080 1747 1148 ante
1772 1099 2081 1147 romana
2099 1078 2293 1147 bella
2317 1098 2437 1147 aes
2463 1081 2855 1167 argentum

621 1227 885 1275 aurum
929 1206 1222 1296 publice
1273 1205 1681 1293 signavisse
1723 1205 2193 1275 arbitremur.
2227 1205 2633 1274 Veterrima
2686 1226 2856 1273 aera

618 1333 785 1418 duo,
815 1356 1043 1403 unum
1066 1334 1143 1401 in
1169 1333 1695 1403 Mediolanensi
1721 1337 1995 1418 Museo,
2022 1336 2505 1411 asservatum,
2537 1332 2853 1401 alterum

617 1463 887 1527 Romae
925 1459 1003 1526 in
1052 1459 1587 1527 Praehistorico
1638 1462 1884 1527 Museo
1924 1459 2271 1530 Garruccz‘
2310 1456 2697 1547 descripsit
2718 1457 2850 1548 (1),

618 1605 831 1675 quae,
873 1587 1166 1674 propter
1203 1584 1511 1653 verbum
1561 1586 1917 1654 Palacnus
1958 1586 2083 1653 aut
2122 1584 2507 1654 Palacinus
2540 1583 2853 1674 inscrip-

615 1713 800 1794 tum,
844 1729 1386 1799 nonnunquam
1439 1730 1570 1800 pro
1611 1708 1977 1800 paelignis
2026 1709 2342 1778 monetis
2389 1704 2572 1778 falso
2604 1694 2854 1780 habita

617 1840 831 1916 sunt;
867 1836 992 1905 sed
1024 1835 1112 1905 ad
1150 1836 1348 1906 hunc
1382 1836 1764 1927 populum,
1805 1839 1880 1906 ut
1918 1837 2266 1926 opinatur
2302 1838 2665 1921 Garama}
2700 1858 2849 1906 non

666 1960 1008 2031 ertinent.

615 1984 661 2052 p
703 2089 801 2155 De
853 2084 1207 2154 institutis
1256 2106 1341 2154 ac
1402 2084 1691 2174 legibus
1746 2085 1894 2154 fere
1950 2085 2141 2154 nihil
2193 2085 2561 2155 novimus
2612 2085 2849 2156 Verba

612 2213 959 2281 meddz‘ces
1027 2213 1236 2279 tutz'cz'
1283 2211 1360 2279 in
1410 2209 1619 2280 titulo
1668 2210 1982 2301 quodam
2034 2210 2405 2300 leguntur.
2478 2210 2844 2281 Meddices

611 2337 846 2414 tutici‚
879 2337 1021 2427 'per
1078 2337 1426 2426 suffragia
1487 2337 1913 2414 renuntiati,
1975 2337 2101 2428 qui
2152 2337 2423 2428 ubique
2467 2337 2659 2428 apud
2708 2340 2843 2407 Sa-

564 2486 571 2491 ·
609 2460 834 2530 bellos
865 2463 935 2529 et
973 2463 1195 2530 Oscos
1244 2480 1674 2551 supremum
1706 2460 2224 2548 magistratum
2274 2460 2651 2549 gerebant,
2682 2460 2843 2529 sine

608 2586 826 2656 dubio
859 2587 997 2656 hac
1029 2590 1313 2677 quoque
1341 2586 1419 2654 in
1452 2582 1752 2676 regione
1786 2589 2166 2676 praeerant
2205 2586 2675 2676 reipublicae.
2701 2591 2843 2655 Po-

609 2710 760 2800 puli
790 2710 1210 2779 constitutio
1236 2709 1435 2778 rudis
1468 2711 1536 2778 et
1566 2708 1917 2778 inchoata
1946 2709 2168 2781 fuisse
2190 2710 2500 2781 videtur.
2526 2713 2838 2781 Tantum

609 2835 860 2905 aberat
902 2839 979 2903 ut
1013 2856 1049 2903 e
1083 2834 1391 2903 diversis
1422 2834 1838 2904 civitatibus
1870 2835 2220 2925 pagisque
2274 2828 2419 2904 una
2473 2841 2542 2905 et
2580 2838 2841 2925 pacata

606 2983 788 3051 gens
866 2962 1203 3041 exstaret,
1267 2962 1343 3029 ut
1441 2965 1698 3030 contra
1788 2983 1824 3030 e
1901 2962 2233 3030 locorum
2314 2961 2390 3028 in
2470 2964 2837 3051 separatas

606 3092 848 3178 partes
887 3087 1245 3156 divisione
1287 3108 1726 3177 morumque
1774 3088 2013 3155 nimia
2055 3087 2448 3157 acerbitate
2488 3089 2839 3177 perpetua

603 3214 908 3283 dissidia
939 3213 1329 3283 orirentur.
1377 3215 1562 3283 Urbs
1610 3215 1815 3283 nulla
1846 3216 2022 3284 adeo
2059 3200 2552 3305 praepollebat
2585 3215 2662 3282 ut
2695 3214 2837 3282 im-

524 3421 527 3422 ?
606 3344 892 3432 perium
933 3364 1150 3412 suurn
1179 3344 1557 3433 imponere
1589 3344 1928 3434 potuerit.
1972 3343 2216 3412 Armis
2248 3343 2839 3412 decernebantur

602 3469 1012 3538 certamina
1044 3490 1230 3559 quae
1257 3469 1643 3558 Paelignos
1674 3491 1847 3539 cum
1879 3470 2145 3540 vicinis
2168 3472 2294 3540 aut
2315 3470 2505 3538 inter
2536 3490 2611 3537 se
2641 3469 2836 3557 ipsos

506 3636 509 3641 -
602 3593 1165 3682 componebant.

693 3724 745 3787 E
774 3720 1015 3789 verbis
1043 3721 1184 3789 Titi
1218 3720 1398 3789 Livii
1440 3741 1701 3811 parum
1760 3720 2027 3791 lucidis
2070 3720 2313 3791 conici
2353 3723 2589 3810 potest
2617 3717 2835 3810 quat-

600 3847 764 3912 tuor
820 3843 1199 3913 sabellicos
1239 3844 1542 3935 populos
1592 3845 1862 3915 sociale
1921 3845 2172 3915 foedus
2211 3844 2567 3914 sanxisse.
2620 3851 2834 3914 Anno

601 3969 734 4035 432
782 3968 871 4037 ab
913 3967 1102 4037 Urbe
1153 3968 1476 4048 condita,
1526 3972 1658 4038 322
1705 3990 1772 4041 a.
1819 3971 1893 4041 G.
1939 3989 2045 4050 n.‚
2089 3972 2459 4037 Romanos
2490 3967 2830 4048 VestiniS‚

520 4167 527 4173 ,
600 4092 826 4181 quise
852 4113 1025 4162 cum
1058 4093 1514 4162 Samnitibus
1546 4092 2418 4176 coniunxissent‚bellum
2450 4112 2600 4163 non
2620 4112 2833 4162 ausos

602 4236 758 4284 esse
783 4216 1107 4285 indicere
1143 4239 1158 4284 :
1207 4244 1234 4279 α
1266 4219 1702 4307 Quanquam
1755 4238 1948 4288 nova
1987 4239 2102 4287 res
2146 4221 2351 4288 tanta
2381 4239 2560 4288 cura
2590 4221 2832 4310 patres

599 4339 924 4425 incessit,
1009 4345 1085 4410 ut
1162 4342 1435 4431 pariter
1517 4364 1681 4412 eam
1759 4347 2175 4433 susceptam
2266 4344 2829 4433 neglectamque

670 4535 748 4607 (1)
781 4535 1075 4606 GARRHCOE,
1110 4538 1158 4593 le
1187 4539 1404 4593 Moneta
1430 4538 1559 4594 dell'
1591 4539 1754 4594 ltalia
1782 4541 1989 4608 antica,
2008 4540 2210 4609 Roma,
2245 4540 2400 4607 1885,
2443 4556 2498 4610 p.
2532 4542 2620 4607 77,
2655 4539 2735 4595 11¹⁸
2760 4541 2828 4597 28

598 4638 656 4689 et
684 4634 752 4687 29
780 4650 793 4701 ;
826 4666 890 4674 —-
927 4633 1088 4703 Ιὸίάζ,
1120 4653 1175 4707 p.
1209 4638 1314 4691 97:
1351 4656 1379 4686 «
1410 4637 1534 4691 Non
1562 4636 1623 4692 fu
1671 4643 1931 4693 costume
1981 4637 2073 4693 dei
2112 4637 2355 4694 Samniti
2395 4637 2452 4694 di
2480 4637 2671 4695 batter
2701 4656 2828 4697 mo-

597 4734 747 4788 nete.
781 4752 810 4781 ›>
