3557 5559
1604 620 1756 675 DE

646 720 1382 958 REGmNE
1482 819 2714 980 PAELIGNORUM

1395 1885 1933 1957 PROOEMIUM

626 2436 716 2501 Ut
751 2436 1105 2522 Ferm‘que
1153 2434 1401 2501 noster
1450 2454 1644 2501 anno
1689 2435 1862 2499 1880
1902 2432 1988 2500 de
2030 2430 2326 2518 regione
2376 2435 2782 2500 Marsorum

534 2556 873 2626 disseruit
900 2557 1024 2646 (1),
1062 2558 1162 2625 ita
1193 2557 1405 2624 nobis
1447 2538 1896 2646 propositum
1944 2556 2050 2623 est
2082 2554 2365 2642 regioni
2398 2554 2781 2641 Paeligno-

540 2704 743 2766 rum,
823 2684 949 2773 qui
1032 2683 1290 2751 Marsis
1372 2682 1672 2752 finitimi
1749 2686 1993 2761 erant,
2064 2682 2336 2750 librum
2413 2681 2776 2754 dedicare.

543 2811 894 2906 Quamvis
946 2832 1198 2880 eorum
1266 2833 1441 2900 ager
1500 2812 1788 2901 exiguis
1853 2810 2192 2879 terminis
2250 2810 2776 2890 contineretur,

538 2938 868 3027 Paeligni
894 2941 1144 3008 tamen
1178 2939 1679 3029 praeromanis
1710 2939 2160 3029 temporibus
2192 2942 2260 3007 et
2287 2960 2591 3007 romana
2614 2939 2781 3029 qui-

538 3065 703 3134 dem
736 3067 967 3135 aetate
999 3086 1145 3133 non
1180 3087 1441 3155 parum
1485 3066 1841 3134 momenti
1883 3064 2319 3149 habuerunt,
2364 3067 2573 3135 ouius
2605 3088 2780 3135 auo-

538 3194 729 3259 tores
761 3194 932 3260 sunt
965 3194 1296 3260 veterum
1331 3191 1773 3280 scriptorum
1807 3185 2150 3289 nonnulli
2182 3190 2347 3273 looi,
2386 3190 2597 3258 multi
2628 3189 2779 3257 dia-

459 3396 466 3403 ,
535 3318 781 3388 leotioi
831 3322 901 3388 et
940 3318 1150 3388 latini
1202 3318 1418 3403 tituli,
1477 3318 1978 3408 sepulcrorum
2020 3317 2366 3407 supellex,
2410 3316 2777 3386 aedificio-

535 3468 700 3515 rum
736 3447 1020 3518 rudera.
1060 3449 1304 3517 Primo
1356 3470 1422 3517 a.
1469 3452 1541 3517 C.
1588 3470 1661 3516 n.
1697 3447 1989 3517 saeculo
2040 3447 2340 3517 ineunte
2375 3447 2773 3516 maximam

538 3576 822 3663 partem
855 3573 933 3641 in
975 3572 1231 3656 sociali
1264 3575 1671 3643 marsioove
1710 3574 1900 3643 bello
1932 3574 2405 3643 obtinuerunt
2439 3595 2453 3641 t
2491 3573 2777 3663 praeei-

539 3719 770 3787 puum
813 3698 1013 3766 enim
1063 3685 1315 3767 eorum
1359 3698 1734 3789 oppidum,
1781 3699 2208 3784 Corfinium,
2261 3698 2489 3768 italici
2529 3699 2775 3789 populi

537 3824 615 3892 in
656 3827 966 3893 Romam
1009 3824 1234 3893 coorti
1274 3828 1496 3914 caput
1536 3811 1846 3893 foederis
1876 3824 2275 3913 elegerant.
2319 3819 2322 3820 ⁷

622 3950 801 4047 Cum
834 3948 911 4016 in
943 3948 1192 4018 animo
1227 3949 1667 4018 haberemus
1696 3948 2044 4018 historiae
2078 3949 2595 4038 Paelignorum
2630 3954 2775 4019 stu·
2865 3981 2870 3985 ·

536 4072 730 4157 dere,
787 4094 937 4142 non
1006 4075 1181 4144 satis
1247 4082 1399 4144 erat
1453 4075 1809 4144 nimirum
1869 4075 2091 4145 libros
2141 4079 2209 4145 et
2265 4075 2772 4165 ephemerides

537 4200 909 4284 evolvere;
959 4223 1252 4271 neeesse
1283 4202 1420 4272 fuit
1448 4203 1752 4292 insuper
1784 4202 2160 4291 regionem
2200 4203 2437 4294 ipsam
2470 4202 2670 4272 adire
2702 4204 2772 4272 et

538 4351 701 4398 eam
745 4350 1039 4398 summa
1070 4350 1242 4397 eum
1293 4351 1470 4399 eura
1510 4350 1924 4420 peragrare.
1978 4332 2111 4398 Ter
2160 4329 2508 4401 Sulmone
2539 4332 2769 4419 (nuno

536 4456 929 4542 Szclmona),
970 4458 1045 4523 P.
1083 4454 1322 4524 Ovidii
1353 4454 1662 4523 Nasonis
1698 4453 1958 4542 patria,
2009 4457 2444 4527 commorati
2484 4475 2765 4540 sumUS,

605 4711 686 4782 (1)
714 4713 852 4768 Eum.
891 4715 1185 4781 Fuamouss,
1219 4715 1284 4770 de
1304 4716 1544 4785 Reqione
1564 4719 1895 4785 Marsorum,
1929 4719 2187 4776 Lutetiae
2217 4718 2581 4790 Parisiorum,
2606 4722 2761 4775 1880.
