3557 5559
1553 629 1949 696 -105—

623 824 998 916 quiescere
1042 825 1247 895 decet
1276 827 1490 916 atque
1523 847 1605 894 eo
1638 833 1828 896 stare
1860 826 2053 916 quod
2087 829 2558 896 censuerunt.
2593 828 2857 906 Quam-

621 949 733 1018 vis
808 948 1102 1038 singula
1157 969 1693 1040 nonnunquam
1773 950 2201 1020 coniectura
2259 953 2625 1034 constent,
2685 949 2858 1019 dili—

547 1130 551 1131 .
625 1076 882 1163 genter
920 1077 1199 1162 et-apte
1258 1072 1528 1142 limites
1571 1073 2039 1142 effinxerunt.
2078 1075 2203 1142 His
2233 1074 2306 1141 in
2340 1073 2555 1143 rebus
2604 1073 2874 1143 arduisn

625 1201 695 1267 et
724 1197 1047 1267 obscuris
1088 1197 1574 1288 probabiliora
1603 1199 1975 1288 sequenda
2015 1203 2210 1269 sunt.

713 1322 1154 1412 Saepissime
1178 1326 1336 1412 post
1356 1327 1634 1392 veteres
1657 1323 1959 1413 populos
1981 1344 2230 1391 eorum
2255 1300 2551 1393 termini
2576 1347 2654 1392 su
2665 1345 2858 1414 pers-

628 1447 790 1516 tites
841 1451 1298 1518 manserunt.
1335 1448 1604 1517 UnIcae
1644 1451 1892 1517 tamen
1952 1448 2302 1517 dioecesis
2343 1470 2566 1539 quam
2616 1449 2856 1518 medio

623 1573 705 1641 in
737 1593 914 1644 aevo
955 1573 1339 1663 paelignae
1370 1577 1516 1644 tres
1555 1574 1889 1645 civitates
1925 1577 2251 1646 fecerunt
2283 1576 2855 1668 haudquaquam

625 1700 808 1769 fines
865 1704 1286 1789 congruunt
1323 1723 1493 1770 cum
1530 1702 1619 1770 iis
1677 1701 1943 1792 quibus
1995 1703 2328 1792 Paeligni
2385 1704 2859 1793 imperatoria

625 1830 858 1896 aetate
898 1827 1488 1897 includebantur.
1513 1829 1851 1914 Faraylia
1891 1848 2127 1917 nuper
2156 1828 2588 1917 pontificum
2623 1851 2861 1898 roma-

625 1974 893 2023 norum
942 1953 1179 2022 bullas
1227 1952 1409 2021 duas
1469 1953 1872 2042 publicavit
1928 1973 2113 2043 quae
2166 1953 2862 2042 magnopere-huius

627 2079 979 2150 materiae
1009 2077 1373 2146 intersunt
1405 2048 1535 2167 (1).
1581 2077 2053 2146 Innocentius
2084 2080 2165 2157 Il,
2217 2097 2411 2146 anno
2453 2080 2625 2148 1138
2671 2101 2741 2169 p.
2785 2082 2861 2146 C.

628 2231 734 2291 n.‚
772 2210 840 2276 et
881 2204 1326 2278 Clementius
1365 2200 1586 2288 111,'a.
1636 2209 1835 2285 1188,
1891 2226 1926 2272 <t
1971 2203 2059 2272 ad
2100 2225 2358 2301 pacem
2392 2208 2462 2273 et
2512 2204 2865 2274 stabilita-

634 2339 778 2405 tem
839 2334 1138 2402 sanctae
1168 2330 1541 2400 valvensis
1610 2330 1960 2399 ecclesiae
2001 2333 2349 2421 perpetuo
2419 2350 2867 2400 conservan-

623 2461 886 2529 dam...
923 2477 1432 2548 quaecumque
1463 2455 1655 2525 bona
1686 2474 2189 2546 quascumque
2230 2454 2719 2545 possessiones
2751 2477 2868 2526 ea-

633 2584 798 2653 dem
833 2583 1145 2653 ecclesia
1177 2583 1253 2652 in
1296 2582 1876 2673 praesentiarum
1919 2582 2102 2650 iuste
2142 2583 2212 2650 et
2240 2580 2597 2650 canonice
2637 2581 2871 2671 possi-

631 2709 751 2777 det
783 2733 815 2773 »
850 2708 1322 2777 confirmant.
1374 2731 1407 2772 «
1443 2707 1531 2775 In
1572 2706 1842 2797 quibus
1871 2706 2051 2775 haec
2093 2705 2405 2796 propriis
2436 2705 2866 2775 nominibus

627 2837 972 2906 duximus
1016 2835 1585 2924 exprimenda.»
1647 2833 2012 2904 Ecclesias
2061 2832 2494 2922 singillatim
2540 2836 2864 2904 exsecuti

629 2968 800 3032 sunt
856 2963 1121 3053 quibus
1188 2962 1554 3054 valvensis
1613 2962 1998 3052 episcopus
2060 2963 2414 3050 praeerat,
2486 2964 2555 3030 et
2616 2965 2864 3051 postea

630 3118 663 3158 «
701 3092 1082 3160 universas
1113 3089 1546 3180 parrochiae
1579 3089 1764 3158 fines
1795 3112 1829 3155 ³>
1866 3110 2089 3178 quam
2121 3087 2679 3157 accuratissime
2710 3089 2863 3157 des-

625 3193 1135 3306 cripserunt,'«
1165 3236 1208 3283 a
1250 3217 1449 3303 parte
1486 3213 1768 3282 Teatini
1792 3211 2267 3281 comitatus...
2307 3233 2348 3280 a
2378 3215 2580 3301 parte
2614 3216 2858 3281 autem
2907 3269 2915 3272 -

627 3344 1016 3414 Pinnensis
1048 3341 1526 3411 comitatus..
1562 3362 1604 3410 a
1651 3342 1855 3429 parte
1895 3342 2141 3408 autem
2191 3337 2581 3407 Marsicani
2630 3340 2861 3408 comi-

624 3474 817 3541 tatus
851 3495 912 3536 ».
947 3468 1272 3539 Termini
1306 3468 1431 3559 qui
1472 3472 1681 3536 erant
1718 3489 1761 3536 a
1790 3470 1994 3556 parte
2034 3467 2424 3536 comitatus
2471 3467 2859 3536 Furfonen-

626 3598 724 3666 sis
763 3597 1293 3678 desiderantur,
1338 3595 1458 3663 sed
1495 3597 1851 3682 Faraylz‘a,
1897 3594 1982 3663 ad
2018 3593 2165 3662 alia
2205 3592 2534 3662 eiusdem
2576 3596 2861 3685 tempo-

629 3721 728 3789 ris
769 3721 1209 3790 documenta
1263 3719 1688 3809 respicienS,
1746 3718 2092 3787 lacunam
2142 3718 2427 3808 explere
2468 3718 2701 3807 potuit
2738 3719 2857 3806 (2).

624 3843 972 3914 Valvensi
1023 3843 1371 3932 parochia
1425 3841 1903 3933 valvensique
1961 3842 2342 3920 comitatu,
2408 3861 2582 3910 nam
2643 3840 2862 3910 huius

628 3970 813 4039 fines
881 3968 972 4039 ab
1029 3969 1224 4038 illius
1300 3968 1662 4040 limitibus
1719 3989 1870 4038 non
1937 3967 2455 4052 abhorrebant,
2526 3968 2862 4037 contine-

625 4097 895 4167 bantur
960 4098 1031 4165 et
1059 4094 1571 4165 Sulmonensis
1619 4095 1960 4187 planities
1984 4114 2395 4185 parvaeque
2427 4093 2649 4164 valles
2689 4115 2861 4164 con-

625 4219 903 4309 tiguae‚
972 4240 1147 4288 cum
1211 4218 1587 4302 Sulmone,
1645 4218 1989 4295 Corfinio,
2045 4221 2534 4308 Superaequo,
2579 4224 2650 4288 et
2694 4240 2861 4288 am-

695 4420 774 4491 (1)
808 4422 1107 4487 FARAGLlA,
1161 4420 1352 4475 Codice
1401 4419 1758 4489 diplomatico
1806 4420 2169 4488 sulmonense,
2220 4426 2281 4473 n⁰
2311 4420 2552 4486 XXXIII,
2592 4435 2650 4490 p.
2682 4422 2771 4479 43,
2803 4424 2861 4473 et

623 4527 692 4572 n0
722 4517 861 4579 XLI,
895 4535 953 4590 p.
985 4518 1076 4571 52.

695 4616 1108 4688 (2)FARAGL1A,
1148 4616 1341 4674 Codice
1399 4615 1756 4688 diplomatico
1798 4616 2161 4686 sulmonense,
2212 4617 2456 4683 Introd„
2506 4634 2563 4690 p.
2616 4618 2719 4685 193
2752 4622 2806 4673 el
2840 4633 2853 4673 ε

623 4715 655 4769 I
668 4716 795 4769 miei
821 4715 992 4769 studii
1019 4717 1215 4771 storioi.
1236 4716 1376 4772 delle
1407 4731 1526 4773 cose
1554 4713 1866 4784 abruzzesi,
1894 4734 1950 4789 p.
1988 4717 2108 4773 191.
