3557 5559
1660 550 2015 617 ...36—

713 772 926 820 versa
955 750 1339 841 paelignae
1382 748 1706 837 regionis
1738 750 1970 839 parte,
2022 747 2222 816 circa
2264 747 2682 826 Betifulum,
2743 749 2958 820 inve-

711 879 823 947 nit
850 879 970 968 (1).
1005 875 1374 947 Nonnulla
1402 875 1720 966 denique
1748 876 1917 944 Ant.
1953 876 2037 944 de
2075 876 2261 944 Nino
2293 875 2804 945 Sulmonensis
2835 876 2948 945 di-

708 1006 939 1074 versis
968 1005 1045 1073 in
1076 1004 1254 1073 locis
1287 1004 1891 1091 (Pescocostanw,
1936 1007 2240 1081 Sammo,
2282 1004 2574 1071 Praecla
2624 1005 2950 1091 Peligna,

709 1133 989 1208 Prezza,
1023 1137 1387 1218 Βαρηανα,
1423 1131 1767 1205 Vz'ttorz’to,
1795 1128 2295 1217 Introdacqua‚
2324 1131 2585 1215 Campo
2608 1130 2682 1197 di
2707 1130 2946 1210 (Nove,

704 1264 1076 1345 PacentrO,
1118 1257 1523 1346 Pettorano)
1577 1256 2038 1346 comparavit
2084 1256 2200 1345 (2).
2258 1256 2603 1325 Homines
2634 1259 2953 1346 praehis-

704 1384 958 1454 toricis
1039 1381 1497 1472 temporibus
1587 1380 1956 1450 montium
2043 1380 2336 1468 fastigia
2407 1380 2946 1451 inhabitabant.

701 1511 975 1581 Aetatis
1015 1510 1241 1598 igitur
1273 1509 1605 1599 lapideae
1653 1512 2135 1577 monumenta
2166 1508 2244 1576 in
2287 1509 2660 1579 montibus
2692 1509 2951 1599 depre-

704 1637 1146 1707 henduntur.
1200 1636 1601 1725 Praecipua
1655 1657 1905 1705 eorum
1971 1636 2268 1725 quaein
2312 1635 2679 1706 sabellinis
2738 1638 2950 1707 terris

703 1767 989 1853 reperta
1019 1763 1316 1831 fuerunt
1347 1761 1490 1830 duo
1524 1765 1696 1831 sunt
1727 1761 2071 1852 perforati
2115 1761 2389 1847 mallei,
2426 1783 2625 1830 nune
2673 1766 2946 1833 Romae

700 1887 776 1956 in
818 1888 1356 1958 Praehistorico
1415 1891 1661 1956 Museo
1709 1870 2061 1977 depositi3
2117 1908 2349 1956 unum
2391 1891 2552 1971 0‚13
2591 1909 2737 1958 cm.
2783 1887 2947 1956 lon-

697 2033 903 2101 gum,
948 1997 1079 2082 620
1110 2016 1527 2102 grammata
1558 2011 2024 2101 pendentem,
2058 2012 2131 2080 in
2175 2034 2361 2105 pago
2394 2019 2606 2083 Lama
2638 2015 2722 2082 de
2758 2014 2943 2084 Peli-

694 2142 825 2230 φη·
852 2139 1320 2218 invenerunt,
1347 2137 1661 2207 alterum
1684 2141 1891 2221 Ο,175
1916 2159 2098 2207 mm.
2127 2138 2462 2227 longum,
2501 2143 2676 2209 1530
2697 2162 2943 2230 gram-

696 2269 893 2335 mata
934 2266 1401 2357 pendentem,
1437 2265 1512 2332 in
1560 2286 1747 2354 pago
1780 2239 2267 2353 Lettopalenaj
2305 2266 2661 2354 posterior
2709 2268 2939 2336 maxi·
3050 2303 3054 2306 >

700 2417 865 2464 mus
897 2399 1005 2463 est
1043 2394 1380 2464 omnium
1421 2392 1879 2483 lapideorum
1922 2391 2356 2462 malleorum
2402 2394 2526 2484 qui
2566 2394 2645 2462 in
2686 2395 2939 2465 italica

695 2519 1131 2611 paeninsula
1161 2520 1453 2587 exstant·
1469 2516 1588 2608 (3).
1625 2521 1705 2584 In
1739 2518 1986 2586 orbem
2017 2517 2558 2587 circumactum
2600 2518 2936 2589 foramen

694 2649 1147 2715 reservatum
1181 2647 1335 2712 erat
1364 2643 1454 2710 ad
1488 2642 1820 2729 ligneum
1866 2642 2340 2712 manubrium
2381 2643 2928 2734 accipiendum.

692 2773 870 2861 Pagi
924 2778 1139 2843 Lama
1199 2774 1267 2840 et
1338 2772 1818 2858 Letlopalena,
1886 2771 2112 2840 monti
2197 2770 2491 2860 Majella
2550 2772 2927 2863 applicati,

687 2900 884 2970 haud
942 2901 1159 2988 longe
1211 2899 1301 2969 ab
1351 2899 1676 2989 antiquis
1725 2898 2107 2988 paelignae
2149 2900 2472 2988 regionis
2503 2900 2777 2970 finibus
2808 2901 2930 2971 ab·

685 3030 882 3096 sunt.
921 3027 1318 3097 Maximam
1362 3025 1818 3115 lapidearum
1849 3026 2221 3095 securium
2256 3026 2332 3094 in
2372 3027 2580 3096 Italia
2617 3032 2927 3119 reperta·
2962 3113 2969 3120 ι

683 3174 875 3235 rum,
910 3173 1110 3222 nunc
1152 3151 1424 3241 pariter
1463 3156 1732 3219 Romae
1756 3150 1836 3218 in
1871 3151 2403 3220 Praehistorico
2427 3154 2671 3221 Museo
2702 3152 2913 3243 depo-

681 3280 927 3359 sitam,
961 3276 1420 3366 comparavit
1449 3278 1625 3345 Rod.
1663 3278 2089 3345 Fonteam've
2129 3275 2333 3344 circa
2378 3298 2656 3367 pagum
2691 3282 2923 3349 Cara-

678 3404 954 3471 manz‘co
989 3400 1108 3491 (4).
1151 3404 1355 3468 Mons
1415 3400 1710 3484 Majella
1764 3400 1993 3487 igitur
2057 3399 2136 3467 in
2209 3420 2601 3469 numerum
2669 3398 2920 3469 Italiae

675 3527 1004 3596 locorum
1039 3525 1163 3615 qui
1205 3524 1700 3624 vetustissime
1733 3524 1995 3593 inculti
2028 3527 2199 3593 sunt
2229 3525 2613 3594 ducendus
2654 3528 2785 3595 est.
2900 3587 2903 3590 .

763 3674 936 3740 Sero
967 3673 1216 3739 tamen
1257 3669 1649 3759 scriptores
1692 3668 2016 3759 primum
2060 3668 2448 3757 Paelignos
2470 3672 2911 3739 memorant.

602 3803 611 3812 ”
671 3800 942 3867 Auctor
970 3801 1076 3866 est
1104 3796 1304 3864 Titus
1347 3795 1593 3864 Livius
1642 3816 1840 3863 anno
1869 3798 1995 3862 411
2041 3794 2130 3862 ab
2164 3794 2353 3863 Urbe
2399 3795 2723 3880 condita,
2784 3798 2916 3863 343

619 3949 626 3953 ·
670 3944 736 3991 a.
771 3927 848 3994 G.
879 3943 984 4007 n.,
1021 3920 1334 3999 Latinos,
1391 3918 1825 3987 exercitibus
1883 3918 2030 3986 iam
2097 3919 2571 4007 comparatiS,
2629 3919 2906 3989 bellum

739 4236 816 4310 (1)
844 4231 1013 4305 ibid„
1051 4235 1208 4304 1876,
1238 4252 1296 4307 p.
1328 4234 1454 4291 226.

738 4345 812 4419 (2)
844 4346 1010 4412 leid„
1050 4348 1205 4411 1879,
1238 4360 1296 4415 p.
1339 4345 1428 4401 64.

717 4444 812 4518 ,(3)
845 4445 1020 4501 Notiz.
1055 4444 1112 4498 d.
1162 4444 1345 4509 soavi,
1383 4442 1540 4509 1896,
1572 4456 1628 4511 p.
1663 4441 1770 4506 733
1806 4470 1873 4481 —
1924 4439 2152 4496 Bullett.
2194 4440 2255 4495 di
2298 4438 2515 4497 Paletn.
2558 4439 2712 4512 ital..
2743 4441 2901 4512 1896,

665 4561 723 4616 p.
757 4544 843 4610 12,
878 4546 1000 4611 266,
1037 4542 1161 4598 301.

733 4649 815 4721 (4)
846 4649 1074 4704 Bulzett.
1107 4647 1167 4701 di
1195 4646 1415 4701 Pacem.
1445 4646 1592 4716 ital„
1628 4645 1784 4709 1888,
1817 4660 1877 4715 p.
1910 4645 2033 4699 191.
