3557 5559
1484 611 1838 678 -43-

516 793 613 884 ἐἰ
643 813 834 904 apud
868 812 1161 883 Latinos
1192 818 1464 883 Romae
1501 813 2014 905 montibusque
2037 814 2115 883 in
2149 814 2461 900 albaniS,
2488 820 2558 887 et
2586 817 2776 908 apud

543 943 940 1009 Frentanos
963 940 1162 1009 circa
1195 961 1468 1031 pagum
1510 943 1805 1022 BorellO,
1839 944 1909 1009 et
1938 941 2132 1030 apud
2159 942 2494 1011 Picentes
2523 943 2600 1010 in
2626 965 2779 1012 am·

511 1066 659 1134 'nis
700 1069 984 1136 Vz'brala
1032 1066 1206 1136 valli
1256 1075 1320 1134 et
1367 1066 1443 1133 in
1476 1065 1785 1135 collibus
1820 1067 2111 1136 Callicli
2169 1073 2422 1137 Tronlo
2470 1069 2775 1151 vocatiS,

543 1198 611 1263 et
686 1194 879 1284 apud
946 1193 1287 1262 Vestinos
1362 1195 1562 1263 circa
1622 1216 1895 1284 pagum
1974 1196 2354 1282 Pa9a22i00‚
2432 1199 2502 1264 et
2587 1195 2778 1285 apud

542 1320 907 1387 Samnites
947 1318 1356 1403 Allifarum,
1404 1323 1473 1388 et
1539 1320 1728 1409 apud
1809 1323 2216 1409 Campanos
2257 1321 2669 1400 Suessulae‚
2713 1322 2783 1390 et

543 1446 735 1533 apud
801 1446 1068 1534 Apulos
1148 1446 1552 1515 Herdoniae
1630 1450 2026 1536 supersunt
2081 1446 2199 1537 (1).
2239 1451 2504 1515 Eorum
2547 1445 2782 1516 multa

545 1570 753 1638 milia
828 1571 1022 1660 apud
1103 1577 1508 1642 Caracenos
1576 1572 1979 1643 Aufidenae
2029 1576 2343 1654 exstant,
2409 1594 2447 1643 e
2514 1573 2782 1664 quibus

542 1698 785 1767 adhuc
862 1700 1066 1770 mille
1142 1705 1212 1770 et
1284 1701 1827 1791 quadringenta
1914 1680 2379 1788 perscrutata*
2460 1704 2782 1772 fuerunt.

541 1829 614 1894 L.
673 1826 991 1895 Mariani
1054 1825 1475 1915 nuperrime
1536 1847 1894 1914 magnum
1952 1830 2022 1895 et
2080 1826 2433 1896 eximium
2510 1827 2781 1897 librum

542 1951 945 2020 Aufidenae
979 1951 1334 2042 sepulcris
1382 1952 1747 2022 dedicavit
1776 1954 1897 2044 (2).
1936 1958 2034 2022 Ex
2080 1954 2169 2022 iis
2211 1955 2490 2024 indicia
2528 1955 2613 2023 de
2662 1976 2790 2023 sa-

542 2077 974 2149 bellicorum
1006 2078 1441 2169 populorum
1465 2079 1542 2146 in
1568 2082 1800 2148 aetate
1830 2079 2060 2148 ferrea
2081 2076 2411 2149 moribus
2437 2079 2790 2170 cultuque

544 2204 833 2288 elicere,
882 2225 1030 2272 non
1075 2203 1232 2272 sine
1273 2209 1562 2282 eventu,
1606 2208 1915 2273 conatus
1947 2208 2076 2273 est.
2110 2210 2193 2272 In
2235 2205 2582 2295 paeligna
2613 2205 2789 2273 item

548 2331 842 2421 regione
884 2331 1244 2402 nonnulla
1293 2335 1466 2401 sunt
1513 2331 1875 2422 sepulcra.
1911 2332 2131 2402 Statis
2174 2332 2625 2422 temporibus
2658 2355 2791 2422 pu-

544 2457 782 2527 blicae
813 2457 1340 2547 ephemerides„
1377 2459 1648 2531 Notz'zz'e
1702 2460 1896 2544 deylz‘
1946 2459 2152 2529 Scavi
2191 2461 2261 2527 et
2305 2460 2687 2528 Bulleltz'no
2720 2459 2797 2528 da·

544 2584 1028 2671 Paletnoloqia
1054 2585 1377 2667 italiana,
1398 2582 1884 2660 inventiones,
1915 2585 1992 2650 ut
2013 2603 2344 2672 quaeque
2364 2583 2787 2667 intervenit,

547 2709 1348 2793 commemoraverunt,
1433 2709 1648 2795 atque
1733 2726 1989 2775 earum
2077 2707 2528 2775 mentionem
2614 2707 2787 2776 fecit

545 2841 618 2906 L.
653 2833 968 2902 Mariani
999 2833 1076 2901 in
1108 2832 1277 2901 libri
1326 2833 1438 2901 sui
1497 2833 1734 2922 capite
1784 2833 1974 2923 quod
2030 2834 2405 2920 Confronti
2459 2834 2795 2904 inscribi-

546 2963 686 3029 tur.
724 2931 905 3027 Ecce
980 2957 1314 3027 locorum
1407 2957 1629 3052 index
1716 2958 1838 3027 ubi
1925 2957 2486 3046 investigatores
2581 2979 2780 3048 repe·

548 3084 809 3151 rerunt
865 3101 1353 3172 praeromana
1420 3079 1758 3171 sepulcra
1827 3083 1953 3149 aut
2033 3080 2293 3149 saltem
2353 3102 2563 3150 arma
2629 3082 2788 3149 ins-

556 3210 1074 3294 trumentaque
1157 3228 1192 3274 e
1280 3206 1786 3295 praeromanis
1880 3206 2238 3295 sepulcris
2324 3205 2500 3275 olim
2577 3205 2786 3274 effos-

544 3350 623 3397 sa
696 3351 710 3396 :
783 3329 1129 3399 Salmonea
1215 3332 1339 3419 (3),
1394 3331 1677 3398 Scanno
1709 3330 1830 3419 (4),
1878 3330 2138 3419 Campo
2220 3332 2297 3398 dz‘
2360 3331 2570 3398 Gz'ove
2655 3330 2786 3418 (5),

546 3460 796 3524 Prezza
838 3456 962 3546 (6),
992 3454 1275 3524 Peselzz‘o
1335 3457 1518 3524 della
1571 3455 1768 3525 Valle
1798 3455 1919 3545 (7),
1952 3460 2101 3526 San
2148 3458 2525 3525 Benedetlo
2558 3457 2633 3524 in
2666 3462 2791 3525 Pe-

546 3578 728 3647 rillis
757 3579 880 3668 (8).

637 3703 1023 3773 Suessulae
1054 3703 1194 3772 tria
1226 3703 1732 3793 sepulcrorum
1787 3725 2064 3795 genera
2094 3725 2228 3775 von
2267 3707 2480 3775 Dulm
2512 3703 2786 3774 discre-

618 3918 694 3990 (1)
730 3918 785 3973 L.
818 3918 1081 3988 MAnum,
1112 3932 1201 3987 op.
1237 3919 1354 3984 cit„
1385 3934 1444 3989 p.
1478 3919 1600 3975 371.

619 4018 695 4091 (2)
729 4018 787 4072 L.
820 4019 1085 4083 MARIAM,
1119 4033 1210 4087 op.
1245 4018 1336 4071 cit.

624 4117 702 4189 (3)
730 4118 904 4172 Notiz.
955 4117 1012 4171 d.
1064 4117 1244 4184 Scavi,
1306 4117 1463 4186 1897,
1516 4121 1582 4174 67
1640 4118 1838 4189 (Ponte
1884 4118 1975 4172 dei
2025 4115 2348 4188 Facchini);
2401 4117 2560 4188 1894,
2592 4133 2650 4188 p.
2683 4116 2787 4173 386

548 4217 625 4289 (S.
668 4218 964 4272 Valentino
997 4220 1053 4270 et
1072 4217 1129 4271 S.
1161 4216 1533 4288 Boloqnano).

618 4314 696 4386 (4)
724 4314 895 4381 Ibid„
931 4316 1087 4382 1898,
1122 4331 1179 4386 p.
1208 4315 1333 4371 424.

622 4413 697 4486 (5)
727 4414 892 4484 loia„
932 4416 1087 4483 1896,
1121 4432 1176 4486 p.
1213 4415 1335 4470 238.

625 4511 699 4584 (6)
733 4512 892 4581 mid„
926 4513 1081 4581 1894,
1114 4528 1169 4583 p.
1203 4513 1326 4570 317.

623 4611 703 4683 (7)
731 4611 894 4678 Ιὸίἀ.,
929 4612 1083 4678 1894,
1118 4628 1172 4682 p.
1208 4615 1333 4669 317.

625 4710 703 4783 (8)
733 4708 901 4780 Ιόἰά.,
932 4710 1089 4778 1892,
1123 4727 1180 4782 p.
1218 4711 1342 4768 484.
