3557 5559
1690 571 2047 638 -32-

752 769 994 843 tudini
1042 768 1278 839 nihilo
1322 768 1573 839 minus
1615 790 1841 860 quam
1872 769 2357 841 intolerandis
2387 769 2780 859 frigoribus
2809 793 2991 842 con-

751 896 1063 969 iunctim
1094 894 1391 966 attribui
1421 894 1653 965 debet.

838 1025 1140 1095 Ovidius
1180 1025 1372 1094 inter
1409 1024 1800 1114 frugiferas
1849 1025 2143 1095 arbores
2193 1025 2384 1095 solas
2434 1024 2655 1111 01005,
2707 1026 2990 1096 Palladi

749 1150 1148 1237 dedicata5‚
1202 1153 1765 1230 commemorat,
1818 1151 2352 1241 subiungitque
2392 1173 2515 1221 eas
2555 1158 2757 1221 raras
2805 1174 2986 1222 esse.

743 1275 954 1346 Oleae
977 1277 1205 1361 enim,
1231 1276 1495 1367 quibus
1516 1279 1720 1346 aestu
1751 1276 1926 1346 solis
1958 1282 2028 1346 et
2057 1276 2302 1346 calore
2339 1298 2520 1366 opus
2553 1280 2685 1362 est,
2710 1277 2786 1345 in
2812 1277 2992 1346 10015

745 1403 922 1470 tutis
989 1423 1074 1472 00
1148 1401 1621 1492 tepidioribus
1688 1405 1980 1472 tantum
2045 1402 2468 1492 proliciunt.
2522 1402 2685 1471 Alia
2742 1406 2986 1471 autem

744 1550 961 1618 poma
1010 1531 1088 1599 et
1137 1528 1429 1599 arbores
1485 1528 1844 1619 quasdam
1896 1528 2582 1618 septentrionalium
2654 1529 2986 1619 peculia-

746 1674 885 1732 105,
935 1657 1010 1722 111
1048 1653 1307 1737 1110105,
1342 1653 1563 1744 piroS,
1607 1674 1921 1734 cerasoS,
1958 1652 2303 1744 planities
2345 1654 2706 1744 producit.
2793 1660 2796 1663 ’

834 1784 1024 1870 Apes
1065 1801 1351 1870 quoque
1383 1780 1677 1850 alebant
1707 1780 2067 1869 Paeligni,
2102 1784 2181 1850 ut
2210 1781 2404 1870 apud
2439 1781 2762 1850 Plinium
2808 1780 2988 1869 legi-

749 1909 912 1974 tur:
954 1933 986 1969 «
1022 1909 1329 1975 Summa
1370 1906 1662 1996 quidem
1693 1906 2044 1975 bonitatis
2083 1906 2375 1976 natione
2408 1910 2697 1976 constat
2729 1906 2835 1997 (ut
2865 1928 2990 1974 su-

754 2051 885 2120 pra
935 2030 1277 2121 diximus)
1329 2029 1662 2121 pluribus
1725 2030 1963 2099 modis
2009 2049 2024 2097 :
2081 2029 2306 2099 aliubi
2365 2031 2561 2099 enim
2622 2031 2769 2099 favi
2820 2051 2993 2099 cera

747 2155 1190 2247 spectabiles
1240 2156 1680 2246 gignuntur,
1722 2159 1805 2225 ut
1853 2156 1931 2224 in
1986 2155 2261 2240 Sicilia,
2316 2156 2718 2246 Paelignis;
2762 2156 2988 2224 aliubi

750 2283 990 2354 mellis
1041 2284 1278 2374 copia,
1333 2287 1413 2354 ut
1460 2284 1539 2353 in
1571 2285 1801 2367 Creta,
1836 2287 2094 2373 Cypro,
2138 2283 2384 2352 Africa
2416 2286 2537 2371 (1).
2588 2308 2620 2348 »
2676 2286 2761 2351 Et
2796 2283 2989 2372 apud

747 2413 1225 2502 Calpurnium
1262 2435 1278 2479 ε

1034 2654 1175 2709 Tam
1206 2651 1513 2727 liquidum,
1546 2660 1663 2709 tam
1698 2655 1861 2709 dulce
1892 2661 2126 2721 canunt,
2161 2661 2222 2709 ut
2252 2671 2367 2709 non
2399 2671 2506 2727 ego
2540 2654 2739 2709 malim
2821 2734 2824 2737 Δ

1030 2752 1196 2818 Quod
1225 2752 1494 2827 paeligna
1523 2754 1708 2820 solent
1738 2753 2011 2809 examina
2042 2754 2295 2810 lambere
2329 2758 2526 2809 nectar
2565 2752 2665 2826 (2).

843 2977 1228 3047 Manifesta
1284 2998 1510 3047 causa
1559 2981 1667 3047 est
1723 2999 1860 3046 cur
1915 2978 2103 3047 alvei
2161 2978 2601 3047 colerentur.
2665 2976 2993 3047 Floribus

753 3104 1152 3174 exuberant
1205 3104 1421 3184 horti,
1477 3104 1555 3173 in
1597 3126 1776 3196 quos
1826 3105 2116 3194 copiose
2164 3105 2479 3180 affluunt
2511 3126 2763 3195 aquae.
2810 3107 2991 3173 Cum

756 3228 1029 3298 multos
1057 3228 1298 3308 flores,
1353 3227 1758 3315 uliginosas
1809 3231 2065 3311 101105,
2120 3248 2377 3297 amnes
2419 3228 2787 3318 proximos
2819 3248 2993 3318 apes

757 3355 1162 3445 requirant,
1206 3357 1475 3424 cuncta
1504 3358 1711 3423 erant
1757 3354 1836 3422 in
1877 3354 2224 3445 paeligna
2273 3355 2570 3444 regione
2617 3355 2993 3424 mellificio

759 3479 1408 3570 opportunissima.

846 3607 1284 3694 Quanquam
1315 3605 1512 3674 haud
1556 3605 1930 3675 immerito
1971 3605 2269 3675 Ovidius
2318 3608 2507 3675 Naso
2547 3604 2823 3675 almam
2865 3629 2992 3698 pa·

753 3728 933 3800 triae
964 3729 1302 3800 tellurem
1356 3731 1813 3800 carminibus
1861 3731 2010 3800 suis
2044 3730 2484 3815 nobilitavit,
2522 3731 2839 3801 arabiles
2880 3735 2990 3800 ta-

759 3876 929 3925 men
970 3859 1203 3925 terrae
1242 3855 1318 3924 in
1359 3858 1592 3926 totum
1642 3856 1936 3925 modica
1982 3856 2220 3951 spatia
2268 3860 2659 3945 occupant.
2698 3856 2997 3961 Uberri-

758 3982 1138 4066 maesunt,
1172 3978 1510 4064 fatemur,
1531 3980 1653 4049 sed
1686 4001 1943 4070 parum
1979 3979 2199 4062 latae;
2229 3980 2855 4050 circumscribunt
2875 4002 2995 4050 eas

757 4110 827 4176 et
882 4108 1372 4195 coangustant
1419 4107 1707 4175 montes
1764 4104 2098 4193 frugibus
2156 4104 2360 4173 nudi.
2418 4105 2772 4193 Paeligna
2826 4127 2996 4175 rura

757 4232 924 4325 plus
958 4232 1315 4302 sterilium
1348 4230 1679 4301 locorum
1733 4232 2115 4300 continent
2165 4252 2391 4321 quam
2443 4230 2821 4318 fertilium,
2856 4253 2993 4301 nec

757 4361 836 4429 in
877 4360 1054 4452 ipsis
1112 4357 1476 4429 fertilibus
1516 4358 1814 4449 quidem
1870 4359 2020 4427 vita
2062 4358 2300 4428 facilis
2352 4361 2460 4428 est
2498 4357 2989 4449 iucundaque.

829 4584 907 4657 (1)
935 4585 1116 4655 Puri„
1147 4585 1292 4640 Hist.
1320 4584 1474 4651 Nat„
1507 4584 1600 4653 Xl,
1637 4585 1722 4639 14.

830 4681 911 4757 (2)
940 4683 1242 4754 emuna„
1274 4684 1493 4752 Ecloq„
1526 4684 1618 4754 IV,
1650 4683 1773 4738 154,
