3557 5559
1480 636 1567 651 --
1618 565 1736 665 121
1792 637 1879 675 2-

572 874 583 877 ⁴
637 801 888 871 Sulmo
921 796 1113 889 apud
1144 798 1599 885 confluentes
1630 817 1888 866 amnes
1913 799 2110 869 Gz'zz'o
2134 800 2202 866 et
2230 798 2470 868 Avella
2506 798 2783 889 positus

550 932 728 1008 erat,
775 928 900 998 ubi
939 947 1139 995 nunc
1181 925 1508 994 videmus
1547 927 1890 1025 Sulmona
1922 924 2073 1016 (1);
2108 925 2229 995 sed
2259 922 2447 995 ‘urbs
2480 927 2784 1017 antiqua

553 1053 1102 1143 angustioribus
1133 1050 1487 1120 limitibus
1538 1049 1889 1119 conclusa
1930 1054 2084 1119 erat
2124 1072 2344 1140 quam
2395 1053 2814 1121 recentior.'

550 1149 900 1269 sepulcra
999 1177 1305 1245 inventa
1416 1178 1590 1243 sunt
1673 1195 1898 1264 prope
2000 1174 2391 1244 ecclesiam
2470 1175 2785 1245 dell'An-

550 1304 891 1372 nunzz'ata
953 1298 1274 1380 dictam;
1325 1298 1521 1366 haud
1573 1318 1784 1366 secus
1840 1317 1925 1367 ac
1974 1297 2300 1376 Corfinii,
2349 1298 2785 1388 episcopalis

552 1425 867 1494 ecclesia
921 1424 1138 1511 longe
1188 1422 1278 1491 ab
1331 1421 1688 1490 hodierna
1736 1421 2030 1490 civitate
2073 1421 2315 1504 abest;
2361 1422 2785 1491 existimam

551 1550 728 1619 dum
760 1551 868 1618 est
897 1551 1214 1617 veterem
1248 1547 1672 1615 Sulmonem
1705 1546 1898 1615 inter
1935 1547 2130 1615 hanc
2162 1546 2417 1615 aedem
2468 1550 2537 1616 et
2567 1545 2782 1617 istam

553 1675 896 1765 patuisse.
922 1674 1245 1764 Antiqua
1278 1674 1394 1742 via
1423 1694 1610 1763 quae
1632 1672 2038 1741 Corfinium
2070 1673 2455 1743 Aeserniae
2477 1695 2789 1743 connec-

552 1805 749 1874 tebat
800 1825 969 1885 eum
1024 1802 1429 1887 traiciebat.
1503 1801 1805 1871 Ovidius
1842 1805 2032 1871 Naso
2077 1802 2443 1893 Siliusque
2493 1801 2786 1871 Italicus

552 1916 914 2018 originem
983 1927 1224 2018 oppidi
1295 1948 1336 1995 a
1393 1927 1681 2016 Solymo
1740 1927 2087 2016 quodam,
2137 1931 2423 1996 Aeneae
2489 1927 2782 2005 comite,

549 2053 730 2122 falso
781 2053 1170 2122 trahebant
1211 2052 1334 2143 (2).
1393 2052 1770 2122 Sulmonis
1811 2073 2085 2120 nomen
2136 2053 2461 2143 primum
2512 2040 2784 2122 citatur

466 2228 471 2231 -
552 2200 723 2249 cum
773 2181 859 2249 de
902 2180 1330 2250 Hannibalis
1377 2179 1931 2249 incursionibus
1979 2180 2225 2268 agitur
2264 2180 2520 2271 (3).1n
2572 2178 2783 2248 bellis

550 2306 865 2375 marsico
898 2309 966 2373 et
1004 2305 1209 2374 civili
1244 2326 1417 2374 cum
1454 2267 2032 2375 Corfiniensibus
2078 2305 2445 2374 fortunam
2493 2303 2785 2422 Sulmo-

552 2454 822 2502 nenses
877 2433 1259 2502 subierunt
1290 2435 1412 2522 (4).
1451 2438 1717 2502 Parum
1749 2433 2150 2504 verisimile
2201 2437 2309 2503 est
2346 2432 2628 2502 Sullam
2672 2454 2787 2500 ur-

551 2559 718 2633 bem
776 2558 1154 2643 delevisse,
1192 2563 1270 2628 ut
1318 2559 1758 2629 recentiores
1807 2561 2199 2648 scriptores
2240 2579 2481 2649 saepe,
2527 2579 2565 2627 e
2596 2557 2786 2627 Flori

552 2683 714 2754 loco
753 2683 946 2752 male
976 2684 1473 2774 interpretato,
1509 2684 1850 2753 dixerunt
1880 2683 2002 2775 (5).
2038 2689 2537 2754 Romanorum
2579 2682 2787 2772 prin-

551 2808 807 2897 cipum
837 2808 1289 2898 temporibus
1340 2812 1416 2877 P.
1455 2808 1754 2877 Ovidius
1797 2811 2013 2889 Nas0,
2070 2807 2604 2894 SulmonensiS,
2650 2826 2785 2897 pa·
2883 2799 2886 2802 ’

548 2930 768 3004 triam
800 2952 1009 2999 suam
1051 2930 1340 2999 assidue
1373 2930 1741 2999 collaudat
1780 2930 1902 3020 (6).
1937 2929 2301 2998 luvenalis
2332 2934 2583 2998 tamen
2618 2949 2778 2996 eam

549 3078 677 3148 pro
721 3080 945 3147 parva
985 3062 1055 3126 et
1103 3058 1376 3144 agresti
1427 3058 1627 3137 urbe,
1690 3057 2146 3147 oppidanum
2198 3056 2494 3127 vivendi
2545 3075 2782 3145 genus

551 3187 968 3276 praebente,
1012 3185 1271 3255 habet:

796 3357 1089 3424 Quaedam
1121 3373 1299 3429 parva
1327 3355 1581 3429 quidem,
1616 3356 1713 3413 sed
1744 3372 1861 3411 non
1889 3355 2188 3411 toleranda
2216 3355 2460 3412 maritis.

800 3459 943 3511 Nam
975 3455 1113 3526 quid
1141 3453 1433 3510 rancidius
1464 3471 1643 3526 quam
1673 3454 1827 3528 quod
1857 3470 1916 3510 se
1943 3471 2056 3510 non
2082 3458 2250 3526 putat
2283 3453 2396 3509 ulla

798 3546 1136 3610 Formosam
1161 3552 1267 3610 nisi
1301 3569 1448 3626 quae
1473 3553 1543 3609 de
1577 3557 1747 3608 tusca
1778 3554 2044 3626 graecula
2075 3553 2224 3609 facta
2253 3558 2357 3624 est,

802 3655 881 3710 De
912 3653 1271 3709 Sulmonensi
1302 3669 1462 3708 mera
1503 3651 1767 3728 Cecropis
1798 3652 1879 3723 (7)
1907 3651 1936 3707 ‘f

553 3807 710 3874 1888,
735 3823 789 3877 p.
823 3805 965 3872 238;
1003 3806 1160 3874 1891,
1192 3822 1249 3877 p.
1286 3806 1409 3873 170,
1440 3821 1495 3876 p.
1521 3805 1662 3871 239;
1699 3803 1857 3873 1895,
1888 3820 1945 3875 p.
1978 3805 2086 3871 943
2122 3805 2277 3875 1896,
2311 3821 2368 3876 p.
2401 3805 2525 3872 106,
2557 3822 2614 3877 p.
2638 3805 2782 3870 2363

558 3907 714 3972 1897,
739 3921 791 3976 p.
829 3902 954 3959 203.

618 4002 696 4074 (1)
729 4004 1071 4057 Romnum.
1106 4015 1193 4071 op.
1246 4002 1368 4067 cit„
1421 4006 1461 4057 t.
1513 4001 1609 4068 111,
1642 4016 1698 4071 p.
1736 4000 1869 4067 157;
1904 4029 1971 4041 —
2004 4001 2187 4070 Suum,
2229 4017 2321 4072 op.
2358 3998 2482 4070 cit„
2523 4017 2568 4055 s,
2601 4008 2656 4054 v⁰
2683 4017 2694 4067 3
2719 4032 2787 4042 -

559 4102 620 4157 C.
653 4104 692 4156 l.
726 4101 811 4167 L.‚
844 4104 890 4155 t.
921 4100 1015 4161 IX,
1048 4117 1106 4171 p.
1136 4101 1263 4156 290.

622 4199 698 4270 (2)
733 4198 815 4254 Cf.
847 4213 1039 4269 supra,
1071 4214 1130 4269 p.
1166 4201 1253 4254 37.

620 4299 694 4369 (3)
725 4297 809 4355 Cf.
839 4312 1032 4368 supra,
1063 4313 1122 4368 p.
1156 4298 1243 4351 67.

619 4398 696 4468 (4)
726 4398 807 4454 Cf.
842 4414 1031 4468 supra,
1065 4413 1121 4470 p.
1147 4399 1215 4452 69
1246 4404 1302 4451 et
1333 4398 1419 4451 78.

622 4495 704 4567 (5)
735 4496 815 4551 Cf.
848 4512 1041 4567 supra,
1074 4513 1132 4569 p.
1166 4499 1257 4552 76.

623 4592 700 4665 (6)
731 4595 908 4661 Ονιῡ.,
942 4595 1145 4667 Opera,
1176 4593 1419 4666 passim.

619 4691 701 4764 (7)
730 4692 943 4761 luvam„
979 4694 1064 4762 VI,
1100 4693 1223 4770 187.
