3557 5559
1539 568 1896 641 ...29-

596 765 946 845 Quamvis
992 769 1220 838 Varro
1278 767 1702 859 paelignam
1753 771 2132 857 regionem
2176 749 2619 841 nominatim
2677 794 2828 843 non

595 892 936 983 proferat,
972 894 1183 964 nobis
1214 894 1861 985 persuasissimum
1896 898 2005 965 est
2034 896 2111 964 in
2141 917 2304 966 eam
2328 896 2497 966 inde
2528 920 2757 990 usque
2790 921 2833 968 a

593 1019 947 1119 principio
979 1020 1274 1090 aestivis
1306 1020 1687 1090 mensibus
1717 1021 2253 1092 commeavisse
2286 1044 2572 1112 pecora.
2609 1027 2821 1094 Nunc

536 1188 541 1191 -
594 1164 812 1233 quam
843 1145 1162 1214 maxime
1193 1145 1661 1235 celebrantur
1691 1145 2105 1236 plenissimi
2131 1147 2274 1218 loci
2310 1152 2529 1218 Piano
2562 1151 2639 1218 dz'
2667 1152 2834 1218 cin-

593 1287 725 1356 que
753 1269 1004 1355 miylz'a
1045 1264 1250 1338 dicti.
1287 1272 1468 1353 Cum
1511 1272 1579 1338 et
1625 1272 1870 1340 cetera
1915 1271 2109 1361 apud
2170 1271 2561 1355 Betifulum
2603 1294 2825 1342 mon—

592 1395 777 1464 tium
841 1393 1094 1477 latera,
1157 1395 1452 1485 pascuis
1501 1399 1869 1481 contexta,
1919 1399 2071 1465 tum
2122 1418 2205 1466 ea
2262 1399 2652 1489 praecipue
2683 1399 2829 1467 mi-

589 1523 887 1609 grantes
927 1520 1297 1610 pecudum
1345 1521 1681 1590 custodes
1740 1525 2087 1611 pastuum
2129 1523 2341 1613 copia
2386 1524 2825 1613 prolectant.

593 1645 1016 1716 Fundorum
1049 1666 1500 1736 possessores
1535 1648 1612 1715 in
1647 1647 1764 1716 his
1807 1648 2129 1736 regionis
2160 1648 2437 1739 iniquis
2469 1649 2824 1738 partibus,

595 1771 781 1842 nihil
824 1775 1109 1864 praeter
1159 1775 1508 1864 pecuaria
1552 1775 1970 1864 locupletat.
2011 1778 2205 1845 Haec
2239 1780 2482 1845 autem
2517 1777 2674 1866 ipsa
2703 1799 2831 1867 pe-

593 1899 848 1967 cuaria
887 1898 1212 1968 diversas
1244 1901 1435 1968 artes
1475 1898 1606 1967 alit
1636 1898 1974 1990 fovetque
2010 1923 2024 1967 :
2076 1899 2506 1989 mulgentur
2551 1922 2722 1972 oves
2763 1905 2832 1970 et

490 2114 497 2120 .
591 2044 888 2108 vaccae,
922 2025 1119 2094 casei
1153 2024 1592 2113 figurantur,
1629 2024 2115 2113 perficiuntur
2143 2024 2380 2109 lanae,
2425 2024 2677 2114 pelleS,
2713 2026 2832 2094 in-

592 2149 888 2218 testina.

681 2271 901 2342 Silvis
935 2249 1111 2343 olim
1146 2273 1669 2363 Paelignorum
1740 2277 2025 2343 montes
2087 2274 2331 2344 vestiti
2372 2277 2607 2359 erant,
2644 2295 2829 2365 quae

593 2400 1063 2470 incautorum
1090 2401 1492 2490 agrestium
1526 2401 1834 2472 avaritia
1867 2401 2291 2471 calamitose
2322 2401 2607 2470 decisae
2631 2404 2827 2472 sunt.

595 2531 647 2594 Ε
682 2525 907 2614 lignis
929 2527 1248 2598 venditis
1278 2529 1721 2618 redigendae
1760 2529 2119 2619 pecuniae
2142 2528 2413 2619 cupidi,
2440 2550 2592 2598 non
2614 2527 2834 2598 intel-

588 2652 927 2742 legebant
970 2658 1292 2744 agrestes
1325 2677 1496 2725 cum
1536 2655 1918 2724 arboribus
1968 2655 2273 2744 stirpem
2322 2658 2393 2725 et
2441 2655 2830 2724 materiam

590 2777 1004 2848 futurarum
1066 2778 1492 2850 divitiarum
1552 2802 2012 2850 evanescere.
2043 2779 2452 2850 Crebriores
2482 2801 2829 2850 caesurae

593 2929 910 2998 magnae
941 2908 1236 3000 fuerunt
1266 2929 1513 2977 rerum
1539 2908 2104 2998 perturbationi;
2138 2907 2424 2977 radices
2455 2907 2828 2998 quondam

593 3034 667 3102 in
703 3033 1148 3122 profundum
1173 3035 1380 3102 actae
1420 3036 1649 3102 terras
1698 3032 1776 3101 in
1817 3032 2111 3101 clivosis
2151 3032 2608 3117 retinebant3
2654 3053 2827 3102 cum

596 3158 809 3227 hodie
868 3158 1188 3249 partium
1256 3158 1639 3228 secretioni
1700 3179 1850 3227 non
1901 3157 2213 3240 obstent,
2275 3159 2501 3227 humo
2552 3157 2826 3246 dilapso

597 3303 770 3351 saxa
809 3281 1280 3352 denudantur
1313 3286 1741 3368 ;rarescunt
1771 3304 2045 3372 pascua
2091 3286 2161 3352 et
2200 3304 2283 3351 ea
2334 3283 2629 3372 quidem
2673 3303 2828 3350 ma-

595 3409 898 3475 cescunt
929 3425 947 3490 ;
1006 3409 1365 3477 torrentes
1406 3407 1478 3475 in
1536 3406 1805 3478 vallem
1867 3406 2301 3497 praecipites
2343 3426 2480 3474 nec
2547 3403 2830 3473 innoxii

595 3530 1126 3601 vehementius
1164 3551 1238 3602 se
1283 3530 1689 3601 dimittunt.
1751 3532 2059 3607 Accedit
2126 3553 2208 3601 eo
2295 3532 2485 3621 quod
2563 3551 2857 3620 pecora

596 3657 840 3741 etiam,
876 3656 1053 3725 dum
1094 3660 1382 3727 teneras
1413 3657 1662 3746 virgas
1683 3658 2158 3748 turionesque
2190 3656 2587 3746 quotannis
2620 3676 2834 3745 prae-

600 3783 888 3868 rodunt,
924 3782 1141 3854 exitio
1183 3786 1354 3852 sunt
1393 3784 1762 3852 montium
1822 3783 2223 3881 arboribus.
2280 3782 2403 3850 His
2452 3782 2538 3850 de
2586 3781 2832 3850 causis

600 3911 823 3980 silvae
857 3911 1180 4003 abusque
1205 3912 1468 4002 priscis
1499 3911 1955 4001 temporibus
1986 3910 2218 3978 multo
2256 3910 2575 3977 minores
2600 3909 2832 3977 factae

600 4042 791 4107 sunt.
830 4041 1040 4108 Nunc
1076 4059 1287 4109 mons
1324 4040 1616 4123 Majella
1672 4037 1869 4108 solus
1926 4035 2353 4106 nemoribus
2405 4035 2828 4120 adornatur,

604 4164 973 4254 ceterique
1017 4168 1303 4234 montes
1361 4163 1545 4233 nudi
1623 4166 1794 4233 sunt
1878 4164 1947 4232 et
2013 4160 2542 4253 propemodum
2622 4160 2829 4229 omni

602 4288 856 4358 fronde
888 4290 1205 4380 spoliati.
1230 4292 1369 4360 Sed
1395 4311 1543 4359 non
1570 4293 1677 4359 est
1705 4290 2014 4359 dubium
2046 4289 2223 4379 quin
2249 4290 2326 4357 in
2359 4288 2612 4357 multis
2650 4286 2830 4356 locis

604 4414 727 4484 ubi
753 4420 1002 4485 nostra
1033 4419 1266 4486 aetate
1298 4416 1514 4485 arbor
1538 4415 1746 4484 nulla
1775 4417 2101 4505 apparet,
2130 4414 2537 4503 antiquitus
2569 4412 2834 4502 stirpes

602 4542 1041 4634 frondesque
1081 4543 1510 4615 exstiterint.
1545 4541 1907 4611 Arborum
1932 4562 2203 4630 genera
2232 4561 2471 4632 pauca
2511 4543 2581 4609 et
2632 4543 2833 4608 nota-

606 4668 800 4738 tione
817 4668 1042 4758 digna
1064 4669 1550 4760 reperiuntur,
1586 4668 1866 4738 scilicet
1886 4686 2201 4758 quercus
2232 4670 2299 4735 et
2321 4665 2606 4754 robora,
2630 4664 2834 4736 ilices
