3557 5559
1571 624 1660 642 --
1707 588 1791 656 65
1842 616 1961 639 —-·

728 780 962 852 Pridie
995 784 1401 854 Cannensis
1432 807 1754 877 pugnae,

920 986 1233 1059 Postquam
1262 1003 1433 1058 posse
1463 988 1663 1043 datum
1684 986 1965 1061 Paeligna
1996 988 2239 1044 revisere
2262 993 2416 1045 tecta

920 1087 987 1140 Et
1015 1086 1269 1157 patrium
1299 1103 1529 1159 sperare
1555 1089 1760 1156 larem,
1793 1089 1868 1143 ad
1898 1088 2208 1144 conamina
2247 1094 2476 1145 noctem

923 1182 1194 1254 Advocat,
1223 1201 1290 1241 ac
1320 1184 1522 1241 furtim
1552 1185 1753 1242 castris
1784 1185 1972 1242 evadit
2001 1185 2213 1257 iniquis
2245 1185 2343 1258 (1).

733 1361 894 1430 Filii
951 1362 1106 1431 eius
1164 1364 1298 1434 sub
1333 1366 1658 1434 romanis
1707 1366 2020 1436 ducibus
2066 1365 2507 1435 militabant.
2583 1367 2880 1456 Corpori

647 1509 777 1557 suo
801 1490 1113 1577 *ignarus
1153 1493 1477 1582 applicat
1503 1514 1709 1562 arma
1732 1493 2088 1578 Mancini,
2113 1513 2330 1583 quem
2362 1493 2884 1562 interfecerant

649 1613 895 1681 Poeni.
931 1613 1046 1683 Illi
1093 1617 1415 1686 occurrit
1455 1618 1637 1686 alter
1666 1620 2035 1703 natorum,
2080 1617 2448 1709 solymae,
2482 1617 2609 1707 qui
2638 1616 2883 1686 fratris

646 1761 911 1830 corpus
941 1741 1484 1812 intermortuos
1515 1745 1733 1832 petit;
1778 1744 1976 1813 filius
2024 1745 2215 1833 patri
2264 1745 2533 1814 vulnus
2591 1743 2883 1813 exitiale

647 1865 865 1934 infert
899 1884 916 1934 ε

1568 2054 1573 2059 ’
1635 2069 1716 2123 Tu
1747 2067 1935 2124 nobile
1968 2073 2157 2142 gestes

929 2165 1199 2221 Germani
1227 2165 1476 2239 spolium
1509 2173 1640 2222 ante
1672 2167 1892 2233 ocUIOS,
1926 2165 2257 2238 referasque
2287 2163 2555 2235 superba,

925 2267 1009 2321 Me
1040 2265 1313 2336 spirante,
1348 2266 1554 2321 domus
1584 2265 1894 2338 Paelignae
1917 2265 2169 2337 perfidus
2202 2279 2365 2318 arma
2384 2263 2413 2317 ‘2

927 2365 1078 2420 Haec
1108 2364 1231 2426 tibi,
1264 2381 1398 2419 cara
1427 2381 1635 2435 parens
1665 2369 1831 2430 Acca,
1864 2363 1937 2418 ad
1976 2363 2183 2419 solatia
2207 2361 2397 2416 luctus

930 2465 1094 2519 Dona
1121 2463 1326 2524 feram,
1360 2463 1481 2518 nati
1514 2469 1577 2518 ut
1606 2463 1753 2535 figas
1787 2466 2021 2518 aeterna
2050 2462 2311 2533 sepulcro
2342 2459 2441 2532 (2).

739 2648 949 2716 Pater
972 2649 1218 2714 tamen
1245 2646 1693 2734 agnoscitur.
1726 2644 2244 2732 Ingemescunt
2282 2640 2524 2711 ambo.
2560 2641 2885 2711 Satricus

649 2775 797 2845 filio
831 2774 1104 2864 detegit
1136 2773 1570 2844 Hannibalis
1592 2773 1964 2864 proposita
2005 2796 2018 2840 :

927 2975 1207 3031 Curarum
1245 2973 1351 3029 tibi
1384 2972 1574 3046 prima
1601 2979 1802 3028 tamen
1829 2971 1922 3041 sit,
1954 2977 2109 3041 nate,
2137 2970 2348 3027 referre

926 3071 1159 3128 Ductori
1189 3070 1446 3126 monitus
1475 3071 1674 3139 Paulo,
1703 3070 2020 3142 producere
2042 3069 2259 3123 bellum

926 3171 1180 3233 Nitatur‚
1210 3172 1514 3242 Poenoque
1545 3175 1717 3243 neget
1747 3166 2065 3224 certamina
2094 3165 2288 3221 Martis
2318 3164 2416 3237 (3).

732 3355 898 3421 Mox
927 3354 1337 3420 extremum
1398 3347 1706 3416 effundit
1746 3344 2113 3436 spiritum,
2162 3345 2233 3412 et
2287 3303 2652 3431 SolimeS,
2698 3346 2885 3430 post-

643 3497 870 3567 quam
902 3475 1247 3544 mananti
1280 3472 1645 3561 sanguine
1674 3469 1905 3561 patris
1929 3468 2300 3546 mandata,

1221 3676 1375 3746 Fuge
1405 3671 1648 3747 proelia,
1669 3672 1849 3725 Varro
1889 3668 1992 3741 (4),

640 3858 717 3927 in
753 3858 1009 3950 clypeo
1042 3854 1392 3943 signavit,
1427 3851 1752 3941 seipsum
1785 3845 2180 3916 interemit.

729 3987 1024 4053 Veteres
1056 3982 1445 4070 scriptores
1485 3994 2026 4063 nonnunquam
2070 3972 2518 4040 induxerunt
2580 3969 2880 4038 fratrem

644 4111 772 4179 aut
812 4107 1046 4176 filium
1091 4104 1296 4174 fratri
1321 4102 1602 4194 patrive
1640 4100 1872 4170 vitam
1903 4096 2360 4187 eripientem.
2397 4097 2586 4163 Haec
2616 4092 2873 4162 saltem

720 4377 800 4450 (1)
828 4373 996 4436 Ibid„
1027 4373 1120 4429 80.

720 4474 795 4548 (2)
829 4473 994 4538 Ibid„
1028 4472 1152 4527 114.

717 4575 794 4649 (3)
822 4576 989 4643 Ibid„
1024 4573 1146 4628 134.

720 4677 795 4751 (4)
828 4676 991 4747 lbid„
1032 4675 1155 4730 175.

829 4790 1067 4850 Besnier
