3557 5559
1726 548 2082 614 ...18—

1068 751 1214 803 Arva
1241 750 1613 819 pererrantur
1641 746 1911 819 paeligna
1933 743 2282 817 liquentibus
2306 739 2592 812 undis(1).

1069 848 1183 902 Hae
1212 862 1317 918 ego
1350 845 1675 918 Paelignos,
1708 845 1929 899 natalia
1957 860 2114 910 rura,
2147 842 2439 913 petebam,

1132 946 1332 1012 Parva,
1366 944 1464 999 sed
1495 943 1747 999 assiduis
1785 942 1982 997 umida
2012 956 2241 1012 semper
2269 938 2436 1012 aquis
2467 938 2570 1010 (2).

1066 1046 1250 1099 Parva
1279 1044 1379 1099 sed
1418 1041 1648 1115 irriguis
1681 1058 1782 1097 ora
1812 1039 2056 1096 salubris
2089 1038 2254 1111 aquis
2285 1039 2382 1109 (3).

1067 1144 1180 1198 Hoc
1211 1158 1440 1215 quoque
1471 1140 1770 1212 composui
1787 1137 2069 1211 Paelignis
2100 1142 2271 1192 natus
2301 1134 2534 1210 aquosis
2562 1135 2662 1207 (4).

1066 1243 1253 1314 Atque
1284 1240 1491 1312 aliquis
1522 1245 1789 1311 spectans
1820 1238 2027 1310 hospes
2059 1234 2349 1294 Sulmonis
2379 1236 2586 1306 aquosi

1323 1338 1618 1395 Moenia...
1651 1339 1744 1409 (5).

873 1568 1082 1635 Nune
1115 1587 1344 1655 aquas
1379 1587 1508 1655 per
1536 1586 1762 1655 pagos
1804 1560 2247 1655 eamposque
2280 1563 2637 1632 diducunt
2685 1561 3023 1631 cuniculi

783 1694 853 1759 et
893 1690 1236 1780 siphones
1267 1690 1393 1780 qui
1431 1689 1960 1759 fecunditatem
2003 1689 2214 1757 terris
2263 1692 2660 1777 potumque
2701 1686 3022 1756 homini-

756 1814 916 1883 bus
948 1816 1288 1884 afferunt.
1330 1820 1379 1882 E
1422 1814 1668 1883 multis
1699 1814 2031 1903 vestigiis
2073 1818 2373 1903 apparet
2404 1834 2559 1881 rem
2602 1813 2792 1902 apud
2828 1815 3021 1882 vete-

783 1960 896 2007 res
928 1960 1002 2007 se
1043 1960 1191 2008 non
1244 1938 1459 2008 aliter
1511 1938 1877 2008 habuisse.
1933 1941 2314 2028 Aquarum
2352 1936 2820 2005 inductiones
2872 1957 3024 2005 non

783 2062 1032 2132 omisit
1062 2063 1363 2133 Ovidius
1392 2065 1582 2132 Naso
1615 2086 1631 2132 ε
2770 2033 2777 2040 ’

1423 2302 1692 2368 Quamvis
1725 2302 1995 2358 amnibus
2024 2320 2160 2358 arva
2191 2307 2391 2358 natent

1124 2403 1191 2458 Et
1222 2407 1385 2457 vocet
1415 2401 1473 2457 in
1506 2402 1652 2457 rivos
1681 2407 1983 2474 parentem
2012 2402 2262 2457 rusticus
2297 2402 2582 2457 undam...
2616 2401 2692 2473 (6)

872 2629 955 2694 G,
991 2620 1274 2690 Plinius
1325 2623 1707 2692 Secundus
1764 2622 1997 2691 dixit:
2067 2647 2101 2688 α
2141 2624 2526 2713 Asperiora
2582 2623 2756 2693 vina
2790 2622 3017 2711 rigari

790 2753 1038 2846 utique
1056 2754 1365 2846 eupiunt
1384 2753 1461 2821 in
1486 2752 1958 2823 sulmonense
1977 2752 2220 2821 ltaliae
2247 2772 2448 2842 agro,
2473 2772 2656 2841 pago
2679 2751 3029 2834 FabianO,
3067 2834 3071 2838 .

786 2880 908 2948 ubi
952 2883 1022 2949 et
1059 2866 1234 2950 arva
1276 2880 1566 2968 rigant:
1605 2880 2025 2968 mirumque
2056 2877 2320 2947 herbae
2351 2899 2542 2968 aqua
2581 2879 2705 2948 illa
2754 2900 3025 2948 necan-

784 3006 928 3083 tur,
966 3004 1212 3093 fruges
1244 3004 1542 3072 aluntur
1571 3008 1640 3071 et
1673 3003 1928 3090 riguus
1972 3022 2098 3089 pro
2131 3000 2421 3071 sarculo
2463 3004 2593 3072 est.
2640 3006 2721 3069 In
2765 3002 3023 3071 eodem

783 3151 959 3218 agro
991 3130 1283 3215 bruma,
1317 3134 1523 3199 tanto
1569 3129 1804 3216 magis
1860 3128 1920 3196 si
1971 3128 2179 3198 nives
2227 3130 2522 3198 iaceant
2569 3130 2875 3218 geletve,
2931 3151 3026 3199 ne

786 3257 1015 3346 frigus
1045 3258 1229 3326 vites
1261 3258 1548 3341 adurat,
1591 3256 2196 3325 circumfundunt
2232 3257 2486 3345 riguiS,
2532 3256 2725 3347 quod
2762 3257 2859 3326 ibi
2913 3260 3023 3325 te-

785 3383 1032 3471 pidare
1088 3387 1357 3453 vocant
1411 3406 1424 3450 :
1506 3384 1968 3452 memorabili
2029 3359 2306 3452 *natura
2399 3384 2474 3451 in
2542 3405 2760 3453 amne
2819 3385 3019 3470 soliS,

788 3509 1044 3578 eodem
1077 3511 1346 3578 aestate
1379 3509 1500 3577 vix
1543 3508 1900 3578 tolerandi
1937 3508 2197 3596 rigoris
2229 3509 2352 3598 (7).
2392 3537 2422 3571 »
2857 3501 2862 3507 ’

877 3633 1077 3702 Idem
1111 3634 1263 3723 ipse
1309 3633 1609 3710 Plinius,
1652 3654 1826 3701 oum
1859 3633 2050 3721 apud
2097 3633 2482 3721 Paelignos
2529 3634 2832 3705 ferraria
2883 3658 3033 3706 me-

791 3755 969 3826 talla
1000 3777 1148 3826 non
1204 3757 1504 3840 fuerint,
1546 3756 1920 3825 Sulmonis
1961 3759 2210 3824 tamen
2265 3778 2492 3848 aquas
2542 3761 2630 3830 ob
2687 3760 3037 3829 eximiam

861 4037 940 4110 (1)
971 4039 1152 4108 Ovm,
1183 4037 1429 4106 Am.,11,
1465 4037 1551 4106 16,
1586 4040 1637 4093 5.

858 4137 936 4207 (2)
966 4137 1150 4200 Ονῐυ.,
1182 4137 1357 4204 Fast.,
1390 4137 1481 4206 IV,
1513 4138 1637 4191 685.

860 4234 940 4307 (3)
973 4234 1154 4300 Ovm..
1187 4234 1337 4300 Am,
1370 4235 1435 4294 ΙΙ,
1474 4233 1560 4301 16,
1593 4237 1645 4290 2.

861 4331 942 4406 (4)
974 4332 1155 4401 Ovm„
1186 4331 1338 4398 Am„
1370 4331 1438 4398 11,
1473 4332 1522 4397 1,
1556 4332 1610 4389 1.

861 4429 939 4503 (5)
972 4430 1157 4500 Ovu„
1189 4429 1338 4496 Am„
1372 4429 1466 4497 111,
1504 4431 1589 4495 15,
1623 4427 1709 4484 11.

862 4528 941 4600 (6)
972 4529 1157 4596 Ονιι).,
1190 4527 1339 4594 Am„
1373 4527 1441 4596 11,
1476 4526 1565 4598 14,
1598 4529 1685 4583 34.

864 4627 944 4699 (7)
973 4628 1154 4698 pm„
1185 4626 1330 4682 Hist.
1363 4625 1521 4695 Nat„
1551 4624 1717 4695 XVII,
1747 4627 1839 4683 26.
