3557 5559
1366 982 1605 1058 PARS
1659 986 2100 1063 SECUNDA

1212 1270 1811 1351 Paelignorum
1849 1276 2231 1341 historia.

1382 1835 1672 1902 CAPUT
1721 1836 2084 1905 PRIMUM

816 2099 955 2173 Qui
989 2100 1264 2163 fuerint
1294 2102 1632 2180 Paeligni
1663 2106 2170 2182 praeromanis
2207 2108 2691 2186 temporibus.

709 2469 844 2535 Pro
875 2470 1071 2537 certo
1103 2486 1305 2536 nunc
1336 2467 1657 2536 ereditur
1688 2466 2025 2536 homines
2074 2467 2219 2536 iam
2280 2469 2451 2538 inde
2500 2469 2588 2538 ab
2620 2473 2853 2540 aetate

619 2590 903 2680 lapidea
941 2591 1138 2661 dieta
1188 2592 1571 2661 sabellicas
1637 2593 1973 2679 regiones
2045 2595 2547 2684 occupavisse.
2622 2600 2702 2664 In
2765 2596 2856 2665 iis

618 2717 817 2786 enim
849 2717 1335 2788 inveniuntur
1357 2739 1563 2787 arma
1594 2719 2231 2811 instrumentaque
2262 2719 2574 2810 lapidea,
2610 2721 2857 2792 homi-

618 2864 800 2912 num
853 2864 1080 2912 manu
1131 2847 1198 2912 et
1249 2862 1466 2933 opera
1524 2844 1875 2913 laborata.
1941 2846 2328 2914 Neminem
2379 2846 2568 2936 fugit
2626 2869 2854 2916 unam

618 2968 1046 3058 praesertim
1105 2989 1142 3037 e
1200 2969 1595 3058 picentinis
1651 2969 1969 3039 vallibus
2033 2971 2237 3059 (valle
2306 2973 2491 3040 della
2530 2974 2844 3061 Vibrata)

619 3115 975 3182 magnum
1015 3094 1341 3164 attulisse
1400 3097 1835 3184 proventum
1880 3096 1998 3184 (1).
2054 3096 2191 3163 Sed
2242 3097 2432 3185 apud
2469 3098 2855 3185 Paelignos

616 3198 930 3311 quoqne,
975 3225 1054 3290 ut
1092 3222 1286 3311 apud
1327 3223 1607 3291 ceteros
1638 3220 1889 3291 Italiae
1930 3222 2216 3291 mediae
2256 3222 2587 3312 populOS,
2623 3244 2848 3313 parva

615 3345 1007 3414 huiusdem
1039 3346 1298 3414 aetatis
1329 3354 1813 3416 monumenta
1836 3348 2121 3435 reperta
2153 3350 2347 3415 sunt.
2383 3347 2603 3416 Aless.
2642 3350 2851 3418 Cola-

612 3482 830 3559 prete‚
866 3471 990 3561 qui
1013 3493 1280 3562 pagum
1325 3493 1528 3541 nunc
1565 3476 1831 3562 Campo
1854 3474 1931 3541 di
1962 3474 2173 3542 Gz‘ove
2203 3476 2549 3542 vocatum
2582 3474 2850 3543 incole-

613 3595 761 3679 hat,
819 3595 970 3666 fere
1026 3600 1353 3667 trecenta
1410 3619 1616 3666 arma
1672 3597 1789 3666 vel
1855 3597 2346 3667 instrumenta
2387 3598 2853 3687 (sagittarum

612 3721 926 3808 aculem,
960 3723 1327 3814 cuspides»,
1379 3724 1682 3804 cultros»,
1738 3724 2057 3815 radulas)
2096 3725 2175 3794 in
2234 3724 2505 3793 montis
2557 3728 2851 3811 Majella

612 3849 959 3921 lateribus
1010 3852 1407 3940 eollegerat
1453 3852 1575 3942 (2).
1643 3852 1864 3921 Plura
1918 3852 2190 3943 paritet*
2232 3854 2577 3925 Grazz'am'
2614 3854 2692 3921 in
2725 3853 2851 3922 ad-

682 4070 757 4143 (1)
793 4070 953 4126 Glov.
987 4070 1300 4140 CAPELLINI,
1334 4072 1479 4125 l'Etd
1518 4070 1666 4125 della
1686 4073 1873 4140 pietra
1902 4070 2052 4125 nella
2080 4071 2222 4125 valle
2261 4069 2406 4123 della
2442 4067 2702 4134 Vibrata,
2735 4069 2847 4123 Bo·-

608 4169 805 4241 logna‚
841 4169 1017 4236 1871;
1067 4200 1132 4209 —
1189 4170 1457 4224 CONCEZIO
1497 4171 1663 4236 RosA,
1706 4171 1962 4224 Ricerche
2009 4170 2067 4222 di
2118 4169 2469 4238 archeoloqia
2513 4169 2848 4237 preistorica

609 4268 758 4323 nella
787 4267 929 4323 valle
957 4267 1105 4323 della
1140 4268 1378 4324 vibrata
1405 4267 1535 4323 nell'
1566 4268 1817 4323 Abruzzo
1851 4271 2171 4334 Teramano‚
2208 4267 2458 4334 Firenze,
2494 4267 2651 4322 1871.

677 4370 756 4441 (2)
783 4370 1012 4426 Bullett.
1063 4370 1123 4425 di
1181 4368 1395 4424 Palem.
1428 4371 1576 4438 ital.,
1613 4372 1771 4438 1875,
1820 4386 1875 4440 p.
1928 4373 1997 4424 20
2046 4374 2100 4423 et
2144 4369 2245 4422 135
2282 4385 2292 4423 :
2331 4390 2358 4418 «
2389 4370 2510 4421 Non
2566 4380 2847 4421 mancano

608 4467 817 4525 inoltre
848 4486 1020 4542 prove
1064 4469 1325 4525 evidente
1363 4469 1464 4523 che
1509 4469 1640 4523 altri
1671 4485 1700 4523 e
1752 4468 1918 4522 molti
1966 4466 2162 4538 luoghi
2210 4465 2587 4520 d’abitazione
2621 4463 2850 4519 dell’eta

522 4635 523 4638 Ἴ
607 4566 756 4622 della
786 4567 970 4637 pietra
998 4567 1247 4621 abbiano
1280 4584 1314 4620 a
1344 4565 1644 4622 rinveuirsi
1675 4565 1734 4620 in
1765 4564 1933 4637 punti
1963 4564 2170 4620 diversi
2203 4564 2256 4618 di
2289 4564 2480 4635 quella
2509 4567 2671 4634 parte
2713 4559 2842 4616 dell'

609 4665 878 4722 Abruzzo.
913 4686 940 4719 »
975 4668 1295 4740 (Pmomm).
