3557 5559
1506 468 1859 535 ...97-

573 666 682 733 est
713 664 913 732 hunc
946 661 1504 761 sanctissimum
1537 663 1777 733 virum
1802 667 2075 732 Romae
2106 662 2535 733 damnatum
2560 664 2804 741 fuisse,

573 787 839 857 Iuliani
869 786 1226 877 principis
1267 786 1500 871 iussu,
1531 786 1977 877 Corfiniique
2019 793 2390 857 necatum.
2438 814 2473 854 (ι
2510 794 2810 859 Praeses

577 912 1122 981 Cornicularius
1160 912 1520 982 Corfiniae
1553 911 1753 982 urbis
1775 912 1959 981 dixit
1989 913 2078 981 ad
2110 916 2529 983 Caesarem:
2576 918 2814 1005 Impe-

580 1045 773 1106 rator
803 1037 1157 1128 piissime‚
1196 1037 1396 1106 hunc
1429 1037 1818 1107 scelestum
1864 1041 1934 1107 et
1964 1037 2386 1108 maleficum
2413 1039 2600 1107 mihi
2631 1039 2819 1109 tradi

577 1161 844 1239 iubeto,
871 1163 953 1231 ut
990 1161 1387 1231 Corfiniam
1420 1161 1689 1230 ducam
1723 1165 1793 1231 et
1814 1167 1933 1231 aut
1962 1161 2094 1230 deo
2119 1163 2814 1240 Martisacrificabit,

578 1290 701 1355 aut
730 1284 1063 1354 leonibus
1138 1286 1228 1354 ad
1287 1286 1794 1355 devorandum
1857 1285 2180 1355 tradetur
2209 1287 2300 1376 (1)
2351 1312 2473 1354 »...
2520 1287 2822 1357 Corfinii

579 1415 826 1482 autem
869 1415 945 1480 B.
992 1412 1240 1482 Pelino
1275 1415 1500 1482 Deum
1545 1416 1823 1496 orante,
1863 1412 2125 1500 ingens
2158 1413 2368 1482 turbo
2410 1418 2480 1482 et
2509 1414 2826 1483 tonitrus

588 1541 842 1609 Martis
893 1539 1254 1630 templum
1299 1539 1840 1611 subverterunt.
1889 1565 1922 1606 «
1970 1543 2122 1620 Quo
2155 1541 2346 1613 facto
2387 1542 2828 1631 templorum

585 1663 967 1752 pontifices
999 1684 1147 1731 non
1171 1663 1482 1732 ferentes
1526 1668 1839 1733 mortem
1884 1664 2242 1753 praesidis
2296 1668 2366 1734 et
2410 1665 2724 1734 aliorum
2759 1670 2829 1734 et

596 1791 948 1861 iniuriam
982 1791 1549 1860 simulacrorum
1597 1790 1855 1860 ulcisci
1914 1792 2321 1881 cupienteS,
2360 1792 2718 1882 impetum
2752 1793 2827 1861 in

600 1915 938 1989 Pelinum
981 1918 1219 1985 virum
1257 1915 1809 1984 sanctissimum
1842 1915 2174 1984 fecerunt
2222 1919 2292 1985 et
2338 1917 2714 2005 octaginta
2765 1921 2837 1985 et

603 2042 928 2130 quinque
966 2038 1394 2109 vulneribus
1434 2038 1854 2108 confossum
1894 2039 2451 2122 interfecerunt3
2496 2040 2697 2130 prius
2738 2043 2839 2109 ta-

605 2186 777 2233 men
817 2165 1045 2252 virgis
1074 2164 1264 2233 ultra
1298 2164 1596 2231 modum
1639 2163 2092 2232 ceciderunt.
2127 2167 2370 2253 ltaque
2422 2167 2496 2230 B.
2546 2163 2842 2232 Pelinus

605 2288 1016 2377 episcopus,
1096 2285 1312 2355 nonis
1374 2285 1787 2354 decembris
1838 2285 2115 2354 mundo
2173 2284 2554 2367 discedens
2622 2285 2840 2375 (anno

603 2414 782 2504 363),
811 2414 886 2482 in
930 2414 1194 2483 Christi
1225 2434 1404 2504 pace
1446 2412 1723 2502 quievit
1775 2414 1870 2500 (2)
1912 2437 2034 2481 »...
2087 2413 2346 2481 Paucis
2387 2416 2547 2502 post
2594 2413 2837 2491 anniS‚

607 2542 740 2612 sub
770 2541 1148 2611 Ioviniano
1182 2540 1539 2631 principe,
1566 2539 1930 2629 praefecto
1961 2541 2393 2623 Nicostrate,
2420 2541 2544 2630 qui
2575 2541 2844 2611 frustra

604 2666 999 2736 Corfinium
1034 2691 1066 2731 «
1101 2666 1175 2733 in
1199 2664 1738 2734 incredulitatis
1770 2663 2074 2754 perfidia
2128 2686 2572 2754 permanens
2627 2690 2661 2730 »
2713 2664 2844 2734 ob-

607 2796 915 2874 sederat,
952 2799 1028 2865 B.
1074 2787 1370 2863 Pelinus
1403 2798 1617 2862 nocte
1678 2794 1754 2861 in
1814 2793 1977 2863 visu
2035 2794 2400 2883 apparuit,
2461 2795 2836 2884 dixitque:

616 2947 648 2988 «
681 2926 863 2990 Ante
903 2924 1181 3010 portam
1217 2920 1566 3022 civitatis,
1602 2920 1678 2987 in
1711 2920 1832 2988 via
1865 2919 1988 2989 ubi
2028 2919 2377 2988 columna
2417 2941 2669 2989 eversa
2708 2924 2840 3000 est,

609 3047 829 3116 fodite
870 3049 940 3114 et
965 3067 1230 3135 corpus
1255 3065 1502 3114 meum
1543 3044 1976 3129 invenietis3
2010 3042 2245 3112 levate
2294 3042 2474 3113 illud
2525 3045 2704 3113 etin
2746 3065 2854 3113 se-

616 3173 870 3263 pulcro
892 3171 1162 3262 ponite,
1201 3170 1740 3259 ecclesiamque
1770 3168 2042 3237 ibidem
2083 3168 2404 3237 fundate.
2462 3169 2613 3247 Quo
2656 3168 2848 3239 facto

611 3300 926 3369 victores
963 3297 1163 3367 eritis
1195 3298 1312 3387 (3).
1350 3321 1384 3362 n
1412 3296 1529 3365 Sic
1555 3295 1756 3363 enim
1789 3316 1901 3363 res
1933 3316 2007 3364 se
2038 3293 2326 3363 habuit:
2358 3321 2389 3355 «
2422 3297 2582 3363 Erat
2602 3297 2848 3364 autem

614 3423 930 3494 Corfinia
964 3424 1315 3514 populosa
1340 3425 1416 3514 ‚et
1441 3442 1718 3509 magna
1766 3421 2053 3503 civitae,
2107 3418 2292 3488 infra
2348 3420 2561 3490 cuius
2617 3441 2852 3490 muro-

615 3573 780 3621 rum
812 3549 1175 3618 ambitum
1208 3550 1531 3616 trecenta
1563 3550 1633 3616 et
1674 3546 1935 3636 viginti
1979 3529 2340 3616 idolorum
2399 3546 2572 3615 fana
2636 3566 2856 3616 cons-

620 3679 857 3745 tructa
887 3678 1094 3743 erant
1119 3673 1222 3764 (4)
1268 3701 1326 3742 ».
1360 3673 1688 3742 Victores
1716 3671 1969 3740 urbem
2005 3674 2389 3740 vastarunt
2421 3692 2435 3738 :
2477 3695 2510 3736 «
2538 3670 2855 3740 Corfinia

622 3799 881 3868 civitas
938 3820 981 3867 a
1048 3800 1307 3866 senatu
1394 3817 1700 3865 romano
1770 3796 1848 3863 in
1931 3817 2052 3865 ore
2110 3794 2334 3885 gladii
2417 3798 2859 3883 consumpta

694 4074 772 4147 (1)
809 4075 939 4131 Vita
962 4073 1016 4129 S.
1052 4071 1251 4141 Pelini‚
1286 4072 1342 4126 in
1377 4089 1389 4127 ε
1425 4071 1596 4126 Bmm.
1653 4087 1725 4126 nc
1765 4071 2066 4137 Ξιινιεετιυ,
2119 4071 2305 4126 Esame
2343 4072 2684 4141 apoloqetico
2713 4085 2777 4124 su
2811 4070 2864 4124 la

596 4177 739 4229 ,υἱέα
788 4191 815 4229 e
864 4175 1123 4245 passione
1168 4172 1228 4226 di
1285 4172 1341 4228 S.
1401 4172 1595 4226 Pelino
1646 4168 1906 4234 martire,
1965 4171 2158 4239 Prato,
2207 4172 2362 4238 1887,
2410 4186 2467 4240 p.
2514 4170 2633 4224 192.
2676 4198 2745 4209 -
2777 4168 2859 4223 Cf.

626 4272 882 4339 UGHELLI,
916 4272 1086 4326 Italia
1113 4284 1294 4338 sacra,
1324 4273 1368 4323 t.
1400 4268 1496 4335 IX,
1529 4284 1583 4339 p.
1620 4268 1707 4323 11.

700 4370 776 4441 (2)
806 4371 885 4424 Dm
914 4385 1205 4438 smvsssmi,
1236 4384 1328 4438 op.
1362 4369 1483 4433 cit„
1514 4382 1571 4437 p.
1606 4366 1730 4420 196.

699 4467 775 4538 (3)
806 4464 977 4535 mid„
1003 4483 1057 4537 p.
1092 4466 1211 4520 198.

699 4564 775 4636 (4)
807 4565 974 4628 Ibicl„
1009 4580 1073 4640 p..
1098 4566 1222 4619 200.

842 4654 1079 4711 Besnier
2624 4648 2658 4700 7
