3557 5559
1620 637 1972 702 -55-

679 835 1013 924 Paeligni
1073 833 1346 926 pariter
1392 836 1974 922 assumpserant,
2007 835 2501 922 Semonesque
2553 831 2789 901 socios
2848 835 2918 902 et
2998 833 3002 837 ’

675 961 982 1030 comites
1014 959 1383 1029 addebant
1412 959 1816 1029 Cereribus

766 1088 837 1152 9⁰
887 1088 1171 1157 URANIA
1231 1084 1728 1173 Herentasque
1769 1083 1843 1150 in
1905 1081 2160 1150 eodem
2219 1080 2655 1150 corfiniensi
2708 1081 2917 1150 titulo

682 1210 1207 1277 memorantur.
1241 1212 1511 1276 Romae
1559 1206 1757 1296 prius
1789 1205 2243 1274 vocabulum
2301 1226 2722 1293 cognomen
2767 1207 2918 1273 erat

675 1333 983 1401 Veneris
1015 1331 1139 1421 (1),
1177 1351 1363 1420 quae
1394 1332 1738 1399 naturam
1772 1333 1842 1399 et
1884 1329 2292 1419 generandi
2326 1329 2476 1397 vim
2522 1329 2911 1416 figurabat.

678 1457 1111 1525 Coniectura
1189 1455 1562 1544 probabile
1639 1457 1748 1523 est
1807 1475 1963 1522 rem
2055 1453 2251 1522 haud
2350 1453 2558 1522 aliter
2642 1452 2763 1522 hic
2845 1475 2918 1523 se

681 1579 1050 1649 habuisse.

771 1704 1187 1774 Dialecticis
1218 1704 1449 1773 titulis
1484 1724 1711 1794 usque
1743 1703 1832 1773 ad
1869 1703 2071 1772 hunc
2111 1703 2309 1772 diem
2344 1704 2661 1793 cognitis
2690 1705 2922 1795 profe·

684 1834 950 1899 runtur'
1048 1851 1285 1919 neque
1370 1829 1644 1909 Pelina,
1727 1829 2112 1900 universae
2201 1829 2586 1919 paelignae
2629 1913 2636 1919 ³
2681 1831 2922 1920 gentis

686 1957 1023 2045 patrona,
1059 1955 1273 2023 cuius
1304 1975 1579 2023 nomen
1629 1953 1703 2022 in
1755 1974 2312 2044 superaequana
2345 1975 2695 2023 romanae
2728 1957 2928 2023 aeta-

688 2080 783 2147 tis
852 2078 1338 2170 inscriptione
1384 2079 1658 2166 legitur
1701 2079 1821 2169 (2),
1866 2099 2103 2169 neque
2144 2078 2665 2157 Laverna‚‚cui
2698 2099 2933 2168 pagus

690 2206 1113 2296 principum
1176 2206 1395 2275 etiam
1459 2204 1915 2294 temporibus
1974 2207 2306 2274 sacratus
2337 2209 2492 2273 erat
2532 2204 2651 2294 (3),
2696 2225 2931 2295 neque

688 2335 882 2400 Mars
902 2330 1017 2401 vel
1052 2335 1391 2411 MamerS,
1418 2332 1545 2421 qui
1580 2330 1922 2419 plurimis
1951 2329 2322 2399 sabellicis
2354 2329 2642 2419 populis
2674 2328 2932 2398 civita-

687 2455 1031 2545 tibusque
1063 2475 1337 2523 nomen
1380 2476 1597 2524 suum
1630 2455 2082 2543 imposuerat
2108 2454 2232 2544 (4).

787 2578 1304 2666 Paelignorum
1365 2577 1688 2667 profecto
1756 2577 1999 2667 prisca
2055 2577 2337 2666 religi0‚
2397 2582 2475 2646 ut
2524 2598 2651 2667 per
2705 2579 2930 2646 totam

691 2700 980 2769 ltaliam
1044 2700 1200 2769 fieri
1249 2675 1550 2786 solebat,
1593 2701 1903 2788 agrestis
1953 2703 2108 2769 erat
2167 2703 2238 2769 et
2285 2700 2580 2770 rustica.
2614 2699 2810 2769 Caeli
2864 2708 2933 2769 et

691 2831 953 2907 terrae,
1001 2829 1361 2897 montium
1398 2829 1466 2896 et
1497 2849 1871 2916 agrorum,
1900 2828 2210 2899 fontium
2243 2831 2312 2897 et
2341 2829 2680 2897 amnium
2713 2829 2933 2896 innu-

695 2953 1084 3023 merabiles
1124 2955 1378 3043 genios
1405 2955 1744 3023 homines
1778 2955 2340 3056 venerabantur.
2378 2959 2692 3025 Deorum
2724 2955 2933 3023 auxi-

693 3078 792 3147 lio
879 3080 948 3146 et
1031 3099 1253 3167 opera
1320 3078 1646 3168 plerique
1713 3078 2000 3147 incolae
2070 3100 2289 3169 parce
2372 3099 2456 3148 ac
2524 3078 2803 3147 duriter
2861 3079 2936 3146 in

695 3206 826 3275 illa
887 3206 1188 3294 regione
1229 3206 1486 3296 iniqua
1536 3209 1606 3275 et
1656 3228 1914 3295 aspera
1964 3207 2481 3294 agriculturae,
2521 3208 2933 3294 pecuariae,

695 3332 1016 3399 ferarum
1061 3331 1524 3421 pisciumque
1555 3334 1902 3420 capturae
1944 3352 2017 3399 se
2048 3331 2433 3409 dedebant,
2472 3330 2933 3421 assiduisque

669 3456 1067 3525 *laboribus
1099 3477 1214 3525 res
1245 3431 1380 3526 sibi
1435 3457 1791 3545 parabant
1841 3456 1931 3525 ad
1981 3457 2437 3526 cotidianum
2476 3457 2756 3525 victum
2815 3479 2940 3526 ne-

699 3580 1077 3648 cessarias.
1163 3580 1512 3669 Sepulcra
1602 3580 2268 3671 inscriptionesque
2367 3581 2715 3650 inventae
2822 3583 2939 3651 in-

700 3702 894 3770 dicio
937 3706 1108 3771 sunt
1156 3704 1500 3772 omnibus
1549 3704 1935 3793 perspicuo
1988 3708 2057 3773 et
2102 3704 2484 3794 planitiem
2535 3707 2713 3773 tunc
2764 3709 2941 3774 tem-

703 3826 896 3914 poris
929 3826 1072 3894 iam
1107 3825 1515 3896 habitatam
1548 3848 1701 3895 esse
1744 3832 1814 3896 et
1843 3828 2045 3897 vicos
2079 3828 2155 3894 in
2197 3827 2507 3897 vallibus
2539 3828 2935 3899 exstitisse.

707 3949 1203 4018 Munitissima
1261 3950 1553 4039 oppida,
1589 3971 1905 4040 quorum
1957 3951 2222 4019 rudera
2272 3972 2487 4039 opere
2543 3950 2938 4042 polygonio

703 4070 1054 4141 fabri'cata
1111 4073 1346 4141 oculis
1409 4072 1532 4141 hic
1601 4077 1671 4141 et
1738 4073 1889 4141 illic
1960 4073 2469 4151 obversantur,
2507 4074 2584 4142 in
2642 4094 2938 4142 summo

704 4200 1070 4268 montium
1113 4200 1403 4288 fastigio
1436 4200 1945 4289 assurgebant.
1992 4201 2068 4268 Si
2095 4199 2305 4268 liberi
2339 4199 2676 4289 Paeligni
2716 4200 2942 4269 Corfi-

777 4436 852 4509 (l)
885 4436 1415 4505 PRELLER—JORDAN‚
1448 4454 1538 4509 op.
1572 4439 1687 4505 cit„
1720 4441 1763 4491 t.
1797 4438 1841 4505 I,
1872 4453 1929 4508 p.
1964 4438 2087 4493 329.

777 4538 853 4606 (2)
885 4537 944 4590 C.
978 4538 1021 4592 Ι.
1055 4536 1139 4605 L.‚
1168 4536 1261 4603 IX,
1294 4536 1453 4593 3314.

775 4634 852 4707 (3)
884 4637 942 4691 C.
978 4638 1018 4690 1.
1054 4636 1137 4701 L.‚
1172 4639 1259 4694 IX.
1291 4637 1451 4694 3138.

775 4735 850 4802 (4)
881 4732 963 4790 Cf.
996 4750 1185 4805 supra,
1222 4751 1277 4806 p.
1311 4736 1398 4789 41.
