3557 5559
1720 560 2072 625 —16-

782 765 1007 834 altera
1034 761 1385 853 panditur
1422 758 1765 850 planities
1795 757 2160 827 celsorum
2201 775 2475 825 corona
2505 754 2847 839 iugorum
2881 774 3004 843 pa-

689 875 701 883 ·
780 891 953 959 riter
980 886 1541 975 circumsaepta.
1575 887 1670 953 At
1706 885 2004 974 repente
2032 884 2372 961 Aternu3‚
2398 879 2840 949 torrentibus
2867 899 3011 947 un-

777 1016 994 1106 dique
1026 1016 1104 1083 in
1144 1035 1311 1083 eum
1352 1033 1507 1082 sese
1552 1010 2144 1095 exonerantibuS,
2188 1030 2491 1079 cursum
2525 1029 2741 1076 suum
2777 1008 3012 1074 mutat

776 1144 847 1211 et
882 1141 1072 1209 inter
1102 1139 1459 1207 orientem
1509 1135 2184 1226 septentrionesque
2237 1131 2596 1210 deflectit;
2640 1131 2729 1200 ad
2771 1134 3011 1200 extre-

776 1285 936 1335 mas
956 1267 1246 1333 tantum
1274 1262 1667 1348 Paelignae
1693 1260 2016 1348 regionis
2039 1267 2216 1327 oras'
2235 1278 2362 1347 per
2391 1279 2466 1325 se
2506 1256 2752 1345 ipsum
2786 1253 3004 1344 perti-

773 1392 921 1460 net.
955 1389 1335 1478 Angustiis
1366 1387 1603 1456 denuo
1636 1385 1980 1469 occurrit,
2016 1406 2198 1475 quas
2245 1382 2697 1453 transcendit
2738 1401 3009 1469 magno

773 1519 1044 1585 conatu
1085 1513 1294 1602 (Gola
1336 1516 1413 1582 dz'
1448 1512 1853 1599 Tremontz’).
1887 1510 2253 1579 Montibus
2283 1507 2579 1577 tandem
2617 1507 3002 1598 superatis,

771 1663 900 1733 per
946 1661 1180 1730 aequa
1247 1640 1840 1708 Marrucinorum
1898 1637 2059 1707 loca
2114 1639 2426 1724 vagatur
2464 1634 3021 1724 campestrique‘

772 1763 1033 1833 itinere
1073 1764 1159 1831 ad
1203 1763 1371 1832 litus
1405 1762 1757 1852 pervenit.

855 1889 1124 1956 Ceteris
1176 1887 1555 1957 adriaticis
1587 1887 2022 1956 fluminibus
2063 1907 2212 1955 non
2269 1884 2484 1954 modo
2545 1883 3007 1972 longitudine

742 2009 1024 2084 'cursus
1055 2015 1176 2083 sed
1211 2015 1421 2104 copia
1450 2014 1669 2083 etiam
1706 2035 2065 2105 aquarum
2097 2015 2418 2081 Aternus
2450 2012 2790 2102 praestat.
2832 2011 3007 2079 Mul-

767 2140 858 2207 tis
890 2140 1089 2208 enim
1153 2140 1639 2228 uberibusque
1698 2139 2017 2208 fontibus
2074 2141 2144 2207 et
2182 2137 2437 2206 multis
2494 2136 2837 2205 amnibus
2897 2134 2999 2202 ri-

763 2266 962 2335 visve
1022 2264 1266 2334 alitur.
1342 2269 1491 2334 Hoc
1552 2264 1811 2334 saltem
1863 2285 2035 2334 cum
2104 2263 2270 2332 aliis
2322 2283 2720 2331 commune
2778 2261 2998 2330 habet

761 2391 951 2480 quod
985 2391 1324 2459 torrentis
1357 2391 1571 2458 modo
1604 2391 2112 2459 inconstanter
2140 2391 2210 2458 et
2246 2386 2707 2456 turbulenter
2745 2408 2819 2455 se
2871 2406 2997 2475 ge-

761 2516 877 2584 rit.
916 2515 1169 2583 Hieme
1215 2536 1303 2583 ex
1344 2514 1703 2584 imbribus
1746 2515 2180 2603 nivibusque
2225 2517 2483 2582 auctus
2532 2533 2751 2602 super
2800 2513 2997 2601 ripas

757 2637 1181 2721 effunditur,
1217 2638 1504 2706 abradit
1545 2641 1801 2720 terras,
1841 2637 2155 2706 multum
2201 2638 2464 2706 limum
2523 2657 2694 2705 cum
2745 2634 2997 2703 fractis

758 2767 947 2836 saxis
985 2766 1238 2835 trahit.
1276 2769 1583 2836 Summa
1631 2768 1903 2837 aestate
1934 2768 2219 2847 contra,
2270 2766 2634 2856 plerisque
2675 2763 2997 2834 fontibus

758 2917 927 2964 mox
958 2896 1577 2979 exarescentibuS‚
1612 2896 2145 2986 propemodum
2181 2896 2504 2964 siccatur
2525 2898 2592 2963 et
2614 2896 2811 2963 viam
2835 2913 2997 2983 ope-

757 3044 915 3091 rose
955 3023 1263 3113 quaerit.
1305 3027 1438 3091 Pro
1478 3022 1786 3093 diversis
1835 3023 2015 3091 anni
2047 3022 2495 3112 temporibus
2528 3022 2639 3091 vis
2663 3042 2894 3111 aquae
2918 3021 2994 3088 in

759 3168 843 3216 ea
874 3147 1336 3237 proportione
1368 3149 1698 3216 mutatur
1743 3168 1962 3238 quam
1998 3167 2230 3216 unum
2265 3145 2440 3215 facit
2478 3145 2576 3214 vad
2612 3149 2739 3214 155
2770 3144 2995 3214 colla-

759 3280 915 3345 tum
948 3277 1066 3366 (1).
1107 3278 1352 3365 Neque
1385 3297 1694 3366 usquam
1731 3297 2124 3366 parvorum
2162 3274 2596 3344 torrentium
2630 3295 2716 3343 ex
2755 3280 2997 3363 Apen-

761 3405 937 3472 nino
970 3404 1495 3494 prossuentium
1529 3403 1843 3473 similior
1882 3408 1988 3473 est
2028 3425 2247 3494 quam
2283 3403 2361 3470 in
2411 3403 2569 3492 ipsa
2609 3401 2996 3489 Paeligno-

670 3609 675 3612 ,
763 3549 925 3596 rum
980 3527 1305 3616 regione,
1359 3549 1488 3617 per
1526 3548 1749 3617 quam
1783 3528 2135 3597 incitatus
2184 3526 2526 3603 transilit,
2561 3525 2684 3595 vix
2713 3548 2750 3593 e
2784 3545 2997 3614 prae-

765 3654 996 3743 ruptis
1036 3654 1372 3722 faucibus
1433 3675 1771 3742 egressus
1812 3655 2384 3744 praeruptasque
2424 3652 2688 3721 iterum
2752 3652 2998 3722 fauces

765 3778 1109 3849 initurus,

743 3932 748 3938 ·
853 3904 1203 3984 Quamvis
1249 3907 1563 3974 Aternus
1605 3904 2086 3994 praecipuum
2128 3903 2220 3972 sit
2280 3903 2801 3991 Paelignorum
2865 3902 2996 3974 flu-

765 4052 964 4113 men,
998 4031 1339 4100 nonnulli
1385 4035 1630 4101 tamen
1664 4031 1985 4100 minores
2026 4051 2284 4099 amnes
2326 4036 2736 4102 memoratu
2785 4032 2997 4122 digni

767 4161 960 4227 sunt.
988 4159 1188 4226 Inter
1224 4157 1590 4247 Apennini
1618 4157 1843 4225 medii
1880 4156 2202 4246 primum
2240 4177 2532 4225 ramum
2568 4157 2791 4246 (Gran
2838 4164 3000 4231 Sas-

765 4284 1566 4371 so-Majella-Morrone)
1609 4288 1678 4350 et
1706 4281 2112 4350 secundum
2151 4281 2999 4372 (Velz‘no-Sz'rrente-Mar-

838 4579 916 4657 (1)
947 4580 1160 4649 NissaN,
1197 4579 1298 4636 loc.
1331 4579 1465 4635 cit.:
1509 4577 1782 4634 decursus
1823 4577 2015 4634 media
2067 4579 2148 4634 vis
2205 4594 2308 4650 per
2350 4583 2630 4651 punctum
2680 4580 2998 4653 temporis'’

766 4684 838 4738 42
869 4698 979 4737 mo.
1008 4698 1021 4748 ;
1059 4678 1316 4736 maxima
1344 4680 1484 4734 2790
1514 4694 1624 4733 mo.
1661 4695 1675 4745 ς
1706 4676 1953 4733 minima
1981 4679 2045 4734 18
2076 4694 2188 4734 mc.
