3557 5559
1626 559 1980 626 ...69—

681 751 841 842 plar
871 753 1086 823 Urbis
1118 774 1232 822 res
1253 753 1587 844 publicas
1618 751 2181 847 componebant.
2213 757 2519 827 Litterae
2540 757 2810 829 latinae
2834 761 2912 829 in

680 877 854 968 ipsis
883 877 1291 948 dialecticis
1339 879 1944 970 inscriptionibus
1995 884 2383 973 usurpatae
2414 903 2687 973 magno
2742 889 2915 955 sunt

682 1005 1122 1076 documento
1163 1027 1304 1096 quo
1353 1007 1568 1076 modo
1628 1027 1758 1099 per
1812 1007 2103 1077 Italiam
2163 990 2469 1079 romana
2516 1010 2913 1101 disciplina

683 1134 1038 1200 manaret.
1060 1133 1151 1200 At
1178 1137 1563 1202 Mommsen
1584 1136 1654 1202 et
1682 1137 1939 1208 Nissen
1972 1155 2120 1204 non
2151 1138 2344 1205 recte
2377 1136 2918 1206 contenderunt

679 1255 995 1324 latinum
1055 1257 1721 1349 sermonemjcirca
1752 1259 2076 1348 primum
2135 1280 2198 1328 a.
2269 1261 2341 1327 G.
2387 1281 2460 1327 n.
2533 1259 2913 1329 saeculum

680 1382 1058 1453 ineuntem
1091 1384 1337 1453 statim
1379 1385 1681 1454 omnino
1722 1386 1803 1453 in
1855 1406 1990 1454 usu
2024 1386 2244 1454 fuisse
2292 1388 2411 1476 (1).
2467 1388 2765 1456 Latinus
2816 1388 2913 1456 ti-

679 1509 872 1578 tulus
903 1509 1152 1579 nullus
1203 1510 1422 1580 huius
1453 1513 1709 1581 aetatis
1741 1513 1818 1580 in
1852 1513 2191 1601 paeligna
2236 1513 2534 1601 regione
2587 1516 2913 1603 repertus

677 1637 785 1706 est
817 1623 1299 1727 monetaeque
1342 1638 1876 1707 foederatorum
1935 1639 2015 1707 in
2065 1638 2321 1708 sociali
2359 1638 2551 1707 bello
2583 1639 2916 1726 signatae

678 1762 946 1832 latinas
978 1766 1047 1832 et
1097 1784 1307 1832 oscas
1365 1764 1637 1852 pariter
1689 1763 2211 1853 inscriptiones
2276 1764 2543 1834 ferunt.
2602 1764 2916 1833 Senatus

677 1890 1135 1980 populusque
1169 1912 1519 1960 romanus
1560 1891 1923 1960 victorum
1957 1890 2252 1979 linguas
2286 1891 2613 1960 nondum
2668 1891 2919 1959 insec-

678 2013 969 2084 tabatur
1011 2015 1102 2105 (2)
1133 2036 1148 2095 ;
1184 2014 1538 2084 sociisius
1569 2018 1725 2083 erat
1763 2035 2183 2084 sermonem
2219 2016 2601 2104 proprium
2640 2035 2813 2084 cum
2836 2012 2927 2083 li-

680 2140 871 2209 beris
911 2140 1198 2230 legibus
1237 2146 1557 2241 servare.

766 2267 1047 2336 Sociale
1126 2267 1238 2336 vel
1329 2267 1726 2336 marsicum
1804 2266 2078 2336 bellum
2174 2267 2483 2336 maximi
2562 2267 2920 2335 momenti

679 2392 815 2460 fuit
855 2413 940 2462 ac
998 2392 1340 2481 ponderis
1408 2393 1525 2479 (3).
1598 2390 1888 2459 Diodori
1957 2390 2184 2459 Siculi
2241 2390 2483 2459 verbis
2543 2392 2837 2457 utamur
2892 2417 2906 2457 :

675 2518 854 2577 Οὗτος
885 2516 990 2593 γὰρ
1035 2515 1235 2577 πάντας
1265 2516 1391 2577 τοὺς
1421 2513 1819 2590 προγεγονότας
1868 2509 2244 2589 ὑπερὸάλλετο
2290 2518 2410 2577 ταῖς
2436 2516 2543 2568 τῶν
2586 2519 2901 2589 στρατηγῶν

676 2629 1061 2708 ἀνδραγαθίαις
1091 2632 1181 2686 καὶ
1211 2636 1290 2704 τῷ
1321 2629 1528 2706 μεγέθει
1568 2633 1677 2684 τῶν
1704 2629 1947 2703 πράξεων
1978 2620 2099 2712 (4).
2136 2625 2338 2688 Tunc
2375 2621 2586 2689 Italia
2629 2623 2771 2689 130ῐᾶ
2809 2642 2916 2690 ΓΟ·

680 2773 903 2821 mana
943 2751 1136 2821 facta
1167 2755 1296 2821 est.
1334 2751 1648 2821 Romani
1688 2751 2020 2840 linguam
2056 2771 2294 2830 suam,
2329 2728 2569 2820 mores
2601 2752 2670 2818 et
2701 2749 2915 2819 insti·
2973 2787 2976 2790 -

676 2881 833 2947 tuta
866 2878 1084 2947 simul
1125 2876 1470 2947 omnibus
1494 2875 1762 2945 italicis
1795 2876 2078 2966 populis
2110 2876 2542 2944 indixerunt
2572 2875 2691 2963 (5).
2727 2880 2911 2944 Pae-

678 3005 862 3095 ligni
895 3026 1205 3093 magnas
1236 3004 1408 3074 belli
1440 3007 1923 3093 susceperunt
1950 3005 2188 3094 partes
2222 3024 2238 3071 t
2279 3024 2507 3071 unam
2539 3024 2625 3070 ex
2657 3024 2910 3071 eorum

676 3132 979 3201 urbibus
1019 3151 1405 3219 nunquam
1455 3132 1670 3197 antea
1711 3130 2223 3212 memoratam,
2262 3127 2693 3211 Corfinium,
2728 3128 2908 3195 socii

673 3258 997 3329 universi
1027 3257 1336 3327 foederis
1365 3261 1586 3346 caput
1623 3255 2026 3344 elegerunt.

764 3385 1082 3455 Romani
1123 3384 1262 3475 ipsi
1308 3384 1663 3474 posterius
1703 3381 2222 3451 intellexerunt
2273 3381 2507 3451 italici
2546 3379 2909 3451 tumultus

672 3514 1061 3583 materiam
1094 3533 1398 3601 gravem
1429 3510 1651 3579 fuisse
1707 3514 1777 3578 et
1817 3508 2255 3597 legitimam.
2297 3509 2618 3579 Velleius
2663 3512 2913 3578 Pater-

671 3642 886 3712 culus
918 3642 1061 3711 ait:
1111 3668 1139 3705 «
1164 3660 1390 3710 causa
1419 3639 1557 3708 fuit
1589 3638 1993 3707 iustissima
2025 3639 2114 3728 (6)
2143 3665 2203 3722 ›>,
2222 3641 2290 3707 et
2312 3643 2388 3707 L.
2421 3642 2769 3708 Annaeus
2790 3643 2915 3708 Iu-

672 3763 814 3835 lius
874 3766 1179 3834 Florusz
1239 3788 1270 3829 (ι
1324 3763 1437 3831 ius
1504 3761 1824 3832 civitatis
1884 3762 2065 3854 socii
2132 3761 2531 3831 iustissime
2591 3761 2912 3850 postula-

743 3986 824 4058 (1)
854 3985 1152 4051 Mouusms,
1182 3982 1272 4037 die
1327 3980 1794 4038 Unteritalischen
1844 3980 2104 4047 Dialekte,
2156 3996 2214 4050 p.
2248 3980 2387 4046 344;
2434 4010 2502 4018 —
2540 3979 2754 4046 N1ssr3N,
2817 3995 2904 4049 op.

668 4084 788 4152 cit„
819 4100 877 4155 p.
911 4085 1000 4138 69.

742 4180 822 4254 (2)
853 4184 1034 4249 Monn,
1066 4179 1455 4235 Introduction
1486 4180 1521 4232 ὰ
1552 4179 1607 4233 la
1636 4177 1985 4246 chronoloqie
2014 4176 2091 4231 du
2120 4175 2263 4230 latin
2290 4175 2563 4245 vulqairffi
2595 4192 2652 4247 p.
2686 4175 2775 4230 92.

739 4279 1163 4350 (3)·K11‹3NE,‡der
1198 4279 1475 4333 Romische
1504 4277 2169 4346 Bundesyenossenkrieq,
2205 4273 2453 4347 Leipsig,
2488 4275 2622 4330 1845
2651 4315 2663 4328 .
2705 4306 2776 4314 —
2804 4275 2913 4328 Μέ-

666 4381 853 4445 amun,
890 4377 1087 4432 Ebudes
1115 4392 1212 4431 sur
1243 4376 1505 4442 l’histoire
1532 4376 1800 4442 romanie,
1827 4375 1870 4441 1,
1898 4376 1955 4431 la
1984 4373 2191 4432 Guerre
2211 4374 2430 4439 sociale,
2465 4373 2643 4439 Paris,
2675 4373 2834 4426 1841.

743 4478 820 4548 (4)
856 4477 1043 4545 Dion„
1073 4476 1333 4543 XXXVII,
1365 4478 1414 4529 1.

741 4577 824 4650 (5)
856 4576 939 4632 Cf.
973 4579 1156 4645 Mom„
1188 4592 1276 4647 op.
1310 4576 1429 4642 cit„
1458 4591 1516 4646 p.
1552 4573 1672 4629 151.

744 4677 820 4748 (6)
841 4657 1017 4732 Vm..
1049 4675 1313 4735 Punite..
1345 4673 1413 4740 ΙΙ,
1446 4673 1533 4729 16.
