3557 5559
1627 688 1716 699 —
1766 649 1892 715 104
1938 687 2014 702 --

698 855 1070 930 Romanae
1092 853 1334 918 tamen
1359 847 1881 916 dominationis
1903 850 2136 923 aetate
2156 848 2337 917 haec
2362 848 2563 938 regio
2582 871 2618 917 e
2639 848 2938 918 Samni-

699 975 891 1044 tibus
939 977 1008 1042 et
1072 972 1450 1041 Frentanis
1500 970 1884 1062 pendebat.
1940 971 2178 1040 Latini
2238 971 2430 1041 tituli
2479 972 2582 1041 ibi
2650 972 2940 1044 inventi

697 1121 1064 1190 nusquam
1108 1098 1436 1187 Sergiam
1470 1097 1771 1183 tribum,
1806 1097 2018 1166 cuius
2075 1099 2285 1165 erant
2318 1096 2678 1185 Paeligni,
2730 1120 2938 1167 com-

708 1227 1151 1294 memorant.
1232 1221 1759 1311 Inscriptiones
1836 1221 2145 1290 maximi
2202 1224 2373 1290 sunt
2431 1223 2789 1292 momenti
2850 1224 2940 1292 ad

711 1350 1036 1440 regionis
1104 1350 1459 1418 terminos
1526 1348 2268 1417 circumscribendos.
2338 1353 2602 1417 Earum
2670 1348 2943 1418 auxilio

704 1475 1133 1567 praesertim
1170 1474 1279 1543 usi
1308 1478 1478 1544 sunt
1516 1480 1926 1558 Mommsen,
1963 1474 2088 1563 qui
2120 1473 2196 1541 in
2233 1474 2552 1561 Corporis
2588 1494 2778 1542 nono
2828 1496 2945 1543 vo-

710 1605 993 1673 lumine
1037 1603 1219 1672 fines
1251 1603 1589 1683 restituit,
1634 1605 1704 1671 et
1732 1602 2041 1690 Kiepert,
2084 1601 2211 1691 qui
2257 1601 2584 1671 tabulam
2635 1624 2948 1692 geogra-

709 1729 1008 1819 phicam
1037 1728 1438 1796 delineavit
1471 1726 1645 1796 huic
1668 1726 1855 1796 libro
1888 1726 2276 1795 adiectam.
2311 1730 2493 1796 Cum
2535 1748 2578 1795 a
2621 1728 2833 1816 Sagri
2881 1734 2952 1796 et

708 1852 1052 1922 Aventini
1093 1851 1408 1921 vallibus
1438 1850 1830 1921 excludant
1862 1850 2270 1939 PaelignOS,
2309 1850 2399 1919 iis
2419 1853 2675 1921 contra
2716 1856 2951 1920 Inter-

646 1974 654 1979 ’
710 1976 1082 2067 promium
1125 1974 1578 2054 adiudicant,
1615 1978 1686 2044 et
1718 1977 1917 2044 recte
1950 1975 2243 2064 quidem
2277 1975 2633 2044 fecerunt.
2674 1982 2952 2045 Barna-

715 2102 827 2171 ὑεῖ
851 2121 1024 2168 vero
1069 2099 1442 2170 existimat
1472 2099 2046 2189 Interpromium
2081 2098 2520 2167 Marrucinis
2564 2100 2951 2189 assignan-

715 2227 892 2295 dum
970 2245 1125 2295 esse
1184 2226 1308 2315 (1),
1371 2224 1561 2314 quod
1615 2223 1976 2293 Arnensis
2035 2223 2292 2303 tribuS,
2363 2225 2483 2293 cui
2554 2227 2956 2295 Marrucini

722 2351 1341 2431 adscriberentur,
1402 2351 1856 2421 mentionem
1915 2350 2136 2419 faciat
2203 2349 2712 2453 titulus-apud
2771 2359 2960 2423 Letto

717 2481 1112 2564 Manopello
1143 2479 1487 2548 inventus
1520 2477 1610 2568 (2)
1647 2505 1667 2562 ;
1705 2480 1993 2567 praeter
2028 2477 2236 2562 haec,
2282 2498 2453 2546 cum
2488 2498 2525 2546 e
2555 2477 2961 2568 scripturae

725 2599 1024 2669 forsitan
1088 2598 1371 2669 menda
1420 2600 1954 2689 interpromina
2012 2600 2397 2689 inscriptio
2429 2603 2595 2670 Sex.
2658 2601 2962 2671 Pedium

722 2723 1029 2794 Aniensi
1087 2723 1277 2793 tribu
1316 2723 1708 2792 Lusianum
1755 2723 2135 2792 Hirrutum
2179 2724 2352 2793 citet
2384 2724 2504 2815 (3),
2540 2724 2761 2794 huius
2794 2726 2960 2807 viri,

729 2853 810 2919 ut
863 2850 1177 2935 videtur,
1216 2850 1411 2919 filius
1456 2871 1848 2941 neposque,
1884 2851 2203 2920 Arnensi
2262 2853 2480 2931 tribu,
2532 2854 2611 2921 in
2660 2853 2970 2944 inscrip-

733 2976 1054 3046 tionibus
1123 2977 1428 3047 urbanis
1496 2978 1984 3046 nominantur
2024 2979 2141 3068 (4).
2179 2978 2316 3047 Sed
2365 2980 2559 3069 apud
2617 2986 2822 3050 Torre
2861 2982 2974 3049 dei

737 3109 1025 3175 Passerz'
1081 3107 1333 3176 titulus
1374 3106 1702 3196 Sergiam
1749 3107 2268 3194 Paelignorum
2330 3108 2597 3178 tribum
2666 3109 2969 3191 habens,‚

736 3233 1312 3321 deprehenditur
1352 3235 1441 3326 (5)
1484 3256 1500 3317 ;
1572 3234 1656 3302 ad
1705 3234 2131 3304 Sulmonem
2194 3257 2404 3325 porro
2461 3236 2685 3320 ducit,
2751 3239 2828 3305 ut
2876 3238 2979 3306 ait

737 3366 1123 3432 Mommsen
1148 3362 1265 3451 (6),
1291 3361 1479 3450 quod
1507 3362 1865 3430 Sulmonii
1892 3362 2318 3446 du0,'liberti
2343 3363 2624 3432 scilicet
2644 3363 2980 3454 reipubli-

740 3508 870 3558 cae
900 3487 1418 3572 sulmonensis,
1457 3488 1976 3577 Interpromini
2012 3488 2181 3577 pagi
2227 3489 2749 3577 ponderarium
2797 3491 2982 3559 refe-

745 3617 1009 3685 cerunt
1041 3615 1160 3705 (7).
2850 3606 2861 3616 ’

832 3744 1106 3831 ltaque,
1143 3740 1332 3830 quod
1382 3743 1472 3809 ad
1532 3762 1920 3811 romanam
1964 3745 2271 3811 aetatem
2335 3744 2619 3825 attinet,
2658 3745 2978 3833 Corporis

741 3870 1293 3955 Inscriptz'onum
1342 3870 1764 3938 Latinarum
1804 3868 2225 3939 auctoribus
2264 3870 2343 3937 in
2395 3870 2820 3940 universum
2855 3890 2981 3939 ac-

817 4156 896 4229 (1)
919 4158 1096 4211 Notiz.
1130 4156 1184 4211 d.
1218 4156 1398 4223 Scavi,
1435 4156 1593 4223 1887,
1628 4172 1685 4227 p.
1726 4158 1845 4211 159.

823 4254 899 4325 (2)
930 4254 992 4307 C.
1023 4255 1064 4310 Ι.
1099 4254 1183 4323 L.,
1221 4254 1312 4322 IX,
1338 4255 1498 4309 3072.

822 4345 1086 4422 (3)1bid.‚
1117 4350 1279 4408 3044.

820 4450 894 4520 (4)
927 4450 989 4504 C.
1025 4451 1067 4505 l.
1105 4451 1188 4516 L.,
1219 4452 1311 4519 Vl,
1349 4450 1480 4505 1445
1509 4457 1566 4505 et
1598 4451 1755 4506 1486.

823 4550 898 4622 (5)
928 4551 986 4606 C.
1021 4553 1062 4605 I.
1098 4551 1183 4618 L.,
1217 4551 1303 4616 lX,
1336 4550 1494 4605 3049.

825 4651 900 4720 (6)
933 4652 996 4711 C.
1033 4651 1072 4703 Ι.
1108 4651 1192 4715 L.,
1224 4650 1314 4717 IX,
1348 4666 1405 4719 p.
1436 4652 1563 4705 287.

824 4751 897 4822 (7)
929 4750 989 4805 C.
1023 4754 1064 4806 Ι.
1095 4752 1178 4816 L.,
1209 4751 1297 4817 IX,
1328 4749 1491 4804 3046.
