3557 5559
1642 559 1997 626 -66-

700 755 947 826 fabula
977 742 1174 825 haud
1214 724 1462 824 inanis
1504 755 1970 845 gratuitaque
2025 752 2337 823 videtur.
2402 753 2757 845 Pleraque
2806 775 2936 825 no-

700 882 928 958 mina,
973 881 1334 973 Solymm,
1375 886 1597 966 Acca,
1657 879 1749 950 ad
1808 880 2199 969 Paelignos
2259 880 2496 969 reipsa
2539 881 2935 970 pertinent.

697 1010 1203 1079 Sulmonensis
1234 1032 1416 1100 gens
1451 1010 1751 1080 illustris
1796 1010 2103 1079 forsitan
2127 1009 2450 1079 iactabat
2503 1009 2711 1078 utilia
2763 1031 2939 1078 con-

696 1135 857 1203 silia
887 1139 1063 1204 tunc
1096 1135 1363 1205 frustra
1395 1135 1744 1205 Romanis
1775 1135 1944 1203 data
1970 1135 2060 1203 ab
2101 1156 2248 1203 uno
2281 1155 2368 1203 ex
2397 1134 2554 1202 eius
2576 1134 2758 1202 avis.

780 1265 993 1330 Anno
1013 1262 1308 1351 543s211
1337 1260 1810 1330 memorabile
1835 1261 2119 1330 facinus
2138 1281 2182 1329 a
2205 1260 2593 1350 paelignae
2616 1260 2941 1330 cohortis

693 1386 1059 1476 praefecto
1108 1386 1388 1455 factum
1447 1389 1578 1456 est.
1613 1389 1795 1454 Cum
1857 1385 2170 1453 Romani
2205 1388 2555 1474 Capuam,
2602 1405 2646 1453 a
2677 1385 2941 1453 Poenis

694 1512 1163 1598 occupatam,
1198 1484 1639 1589 obsiderent,
1682 1512 1812 1577 Cn.
1848 1507 2143 1577 Fulvius
2174 1507 2648 1577 Centumalus
2680 1507 2937 1576 consul

690 1633 1080 1724 'prohibere
1120 1637 1429 1703 conatus
1462 1637 1569 1703 est
1608 1655 1696 1703 ne
1754 1636 2016 1702 Hanno
2068 1635 2144 1701 in
2179 1633 2434 1702 urbem
2481 1634 2943 1701 commeatus

696 1764 1147 1852 importaret.
1227 1763 1561 1831 Hostium
1638 1766 1883 1832 castra
1939 1783 2355 1850 aggressu5,
2399 1765 2526 1829 Cn.
2609 1760 2933 1844 FulviUS,

689 1886 962 1975 proelio
995 1887 1143 1955 iam
1173 1907 1514 1976 prospere
1544 1908 1826 1971 exorso,
1856 1889 2250 1957 cunctatur
2279 1889 2349 1954 et
2381 1885 2700 1953 militum
2724 1884 2940 1954 cohi-

688 2009 808 2078 bet
850 2010 1235 2098 impetum.
1301 2036 1333 2076 «
1395 2011 1733 2109 Proxima
1792 2014 2041 2101 portae
2077 2011 2400 2080 hostium
2459 2012 2615 2078 erat
2675 2008 2936 2078 cohors

689 2135 1056 2225 paeligna,
1113 2138 1326 2207 cuius
1383 2138 1796 2226 praefectus
1845 2136 2108 2207 Vibius
2136 2141 2518 2206 Accuaeus
2551 2134 2931 2225 adreptum

689 2262 1038 2331 vexillum
1064 2267 1267 2333 trans
1296 2264 1576 2333 vallum
1606 2264 1924 2333 hostium
1958 2264 2266 2332 traiecit.
2313 2265 2739 2331 Exsecratus
2764 2260 2932 2330 inde

689 2413 912 2481 seque
942 2401 1009 2461 et
1068 2393 1473 2471 cohortem,
1512 2393 1572 2461 si
1605 2394 1761 2461 eius
1809 2392 2059 2461 vexilli
2112 2393 2355 2461 hostes
2409 2392 2619 2481 potiti
2660 2397 2929 2474 essent,

688 2515 1028 2604 princeps
1072 2516 1223 2604 ipse
1266 2536 1391 2605 per
1443 2515 1713 2584 fossam
1769 2515 2190 2605 vallumque
2229 2516 2307 2583 in
2361 2520 2602 2585 castra
2659 2517 2934 2584 irrum-

689 2637 792 2726 pit
814 2638 941 2728 (1).
975 2663 1008 2704 »
1042 2638 1235 2707 Vibii
1258 2639 1581 2707 Accuaei
1624 2659 1868 2728 opera,
1901 2638 2227 2706 secunda
2259 2640 2609 2707 Romanis
2642 2640 2934 2708 fortuna

684 2762 822 2833 fuit
851 2785 1168 2854 pugnae.
1197 2763 1590 2852 Paelignus
1623 2766 1774 2832 erat
1796 2764 1976 2854 ipse,
2001 2786 2173 2833 nam
2200 2765 2566 2834 sociorum
2594 2766 2931 2835 cohortes

685 2887 1050 2957 ducebant
1092 2888 1440 2977 praefecti
1464 2873 1643 2977 quos
1679 2888 2019 2957 consules
2059 2910 2096 2957 e
2124 2877 2478 2979 cuiusque
2519 2890 2931 2959 foederatae

688 3013 1012 3101 regionis
1064 3012 1321 3081 incolis
1388 3012 1813 3100 delegerant
1855 3013 1976 3103 (2).
2019 3017 2355 3082 Ceterum
2424 3015 2497 3081 in
2565 3014 2930 3104 paelignis

686 3139 1289 3240 inscriptionibus
1321 3139 1626 3207 nomina
1656 3140 1897 3209 Vibius
1928 3142 1998 3207 et
2037 3141 2387 3208 Accuaeus
2420 3140 2925 3209 inveniuntur.

686 3267 838 3332 Hoc
888 3263 1080 3331 idem
1132 3262 1442 3346 facinuS,
1486 3263 1676 3352 quod
1727 3266 1976 3332 tamen
2027 3263 2154 3331 alii
2211 3264 2521 3353 tempori
2570 3264 2925 3344 attribuit,

681 3388 1014 3470 Valerius
1047 3388 1411 3456 Maximus
1460 3388 1725 3457 refert:
1774 3412 1809 3453 (ι
1852 3392 2033 3457 Cum
2080 3388 2443 3459 Hannibal
2471 3391 2822 3479 Capuam,
2849 3390 2926 3456 in

680 3532 821 3601 quo
846 3532 1193 3580 romanus
1216 3512 1576 3581 exercitus
1598 3514 1777 3595 erat,
1806 3512 2192 3590 obsideret,
2225 3513 2485 3582 Vibius
2515 3517 2919 3596 AccuaeuS‚

678 3636 1059 3725 paelignae
1090 3636 1409 3705 cohortis
1460 3635 1894 3724 praefectus,
1938 3635 2291 3705 vexillum
2323 3640 2524 3704 trans
2554 3638 2913 3727 punicum

677 3760 960 3830 vallum
993 3760 1322 3849 proiecit,
1379 3781 1454 3828 se
1495 3760 1735 3849 ipsum
1780 3780 2091 3850 suosque
2120 3761 2687 3846 commilitoneS,
2734 3764 2796 3830 si
2841 3783 2924 3831 eo

677 3884 922 3953 hostes
953 3884 1159 3974 potiti
1192 3888 1458 3967 essent,
1495 3888 1941 3962 exsecratus,
1979 3885 2048 3952 et
2078 3884 2169 3952 ad
2202 3884 2274 3952 id
2311 3886 2731 3973 petendum,
2762 3884 2927 3953 sub-

677 4015 1022 4103 sequente
1054 4012 1378 4095 cohorte,
1420 4013 1705 4101 primus
1737 4012 2099 4101 impetum
2131 4013 2303 4082 fecit
2334 4015 2453 4101 (3).
2494 4040 2528 4080 »

764 4137 1129 4207 Hannibal
1156 4138 1448 4222 iterum,
1478 4142 1636 4227 post
1667 4140 1990 4227 Capuam
2023 4143 2342 4229 captam,
2368 4140 2792 4229 paelignam
2817 4163 2925 4211 re-

675 4264 968 4352 gionem
1002 4267 1441 4353 peragravit.
1467 4262 1697 4333 Aedes
1720 4263 2069 4333 Feroniae
2100 4266 2291 4355 apud
2315 4270 2625 4334 Romam
2654 4267 2919 4358 spolia-

742 4454 825 4524 (1)
856 4455 990 4514 L1v.,
1023 4454 1186 4521 XXV,
1221 4456 1310 4523 14,

746 4554 816 4621 (2)
849 4555 990 4614 L1v.,
1023 4555 1185 4623 XXII,
1217 4556 1325 4622 24;
1357 4583 1426 4593 -
1458 4554 1640 4609 SALL..
1673 4553 1956 4623 quurth.,
1998 4557 2064 4611 67
2095 4558 2151 4611 et
2182 4556 2269 4611 69.

741 4650 817 4721 (3)
849 4653 988 4709 Vn..
1022 4654 1194 4721 Mu„
1228 4654 1395 4722 111,2,
1424 4654 1517 4707 20.
