3557 5559
1646 630 2003 696 -68-

705 846 749 894 a
788 827 991 914 parte
1049 829 1548 905 Romanorum
1601 828 1836 909 erant,
1892 823 2322 893 marrucina
2387 826 2457 893 et
2499 823 2929 914 paeligna...

706 968 1023 1038 cumque
1053 947 1179 1018 diu
1210 948 1676 1039 multumque
1694 948 1987 1017 connisi
2017 967 2489 1039 perrumpere
2522 948 2932 1017 confertum

701 1097 971 1164 agmen
1034 1098 1182 1144 non
1244 1080 1560 1166 possent,
1614 1074 1929 1161 Salvius,
1983 1075 2106 1165 qui
2150 1075 2534 1163 Paelignos
2594 1075 2933 1154 ducebat,

702 1204 1075 1291 arreptum
1107 1202 1270 1289 sign
1286 1223 1404 1270 um
1431 1202 1505 1269 in
1541 1201 1782 1270 hostes
1807 1200 2091 1269 misit...
2131 1205 2181 1268 E
2207 1199 2608 1270 victoribus
2640 1198 2931 1268 cecide-

698 1329 874 1394 runt
914 1347 1063 1394 non
1094 1326 1257 1415 plus
1289 1328 1614 1407 centum,
1650 1328 1720 1393 et
1748 1346 1999 1393 eorum
2032 1324 2263 1393 multo
2296 1324 2530 1391 maior
2561 1343 2728 1413 pars
2762 1326 2933 1391 Pae-

698 1449 885 1539 ligni
922 1449 1015 1540 (1)
1052 1474 1112 1519 ».
1153 1450 1592 1520 Plutarchus
1625 1449 1880 1518 eadem
1916 1449 2175 1518 tradit:
2224 1452 2492 1516 Σάλουιος
2532 1452 2560 1507 ὁ
2600 1457 2708 1507 τῶν
2757 1449 2928 1510 Πελι-

695 1577 833 1647 γνῶν
867 1571 1176 1647 ἡγούμενος
1208 1570 1448 1647 ἀρπάσας
1494 1571 1555 1627 τὸ
1609 1575 1837 1645 σημεῖον
1869 1574 1974 1625 τῶν
2007 1571 2088 1647 ὑφ’
2116 1571 2279 1626 αὑτὸν
2323 1569 2399 1632 sic:
2447 1570 2575 1631 τοὺς
2627 1567 2930 1642 πολεμίους

700 1681 887 1758 ἔρριψε
915 1705 1033 1742 xxc.
1059 1685 1115 1746 λ.
1150 1679 1266 1767 (2).
1301 1682 1460 1747 Sex.
1498 1678 1722 1746 lulius
1753 1678 2171 1761 FrontinuS‚
2204 1677 2290 1746 de
2323 1675 2771 1746 restituenda
2804 1695 2932 1764 per

702 1803 1192 1871 constantiam
1227 1803 1385 1871 acie
1416 1803 1815 1891 disserens»,
1863 1802 1977 1870 his
2017 1801 2372 1892 exemplis
2425 1803 2702 1870 utitur:
2759 1805 2929 1869 Ser-

698 1928 863 1995 vius
893 1928 1195 2013 TulliuS‚
1230 1929 1488 1998 Furius
1526 1929 1877 2018 Agrippa,
1911 1933 1985 1996 T.
2024 1928 2412 2007 Quinctius
2444 1928 2923 2018 Capitolium,

698 2057 1094 2122 cunctante
1126 2055 1471 2134 exercitU,
1508 2056 1807 2143 signum
1853 2055 1928 2121 in
1957 2055 2202 2123 hostes
2232 2055 2650 2137 eiecerunt3
2696 2079 2729 2120 «
2764 2054 2927 2122 Sal-

696 2177 860 2245 vius
896 2178 1288 2267 Paelignus
1311 2179 1500 2249 bello
1529 2180 1812 2269 persico
1836 2179 2028 2248 idem
2062 2178 2233 2247 fecit
2263 2181 2355 2267 (3)
2382 2203 2443 2247 ι).
2469 2183 2658 2247 —In
2683 2179 2930 2266 iugur-

695 2306 901 2374 thino
960 2306 1144 2375 bello
1186 2307 1483 2385 MariuS,
1521 2328 1718 2375 anno
1765 2308 2099 2394 648s106‚
2160 2305 2434 2374 Sullam
2469 2309 2924 2395 quaestorem

698 2429 785 2496 ad
820 2430 1195 2499 Bocchum
1230 2451 1478 2518 regem
1527 2429 1722 2517 legat
1756 2432 1835 2497 ut
1882 2430 2074 2497 inter
2132 2450 2206 2497 se
2255 2429 2341 2497 de
2395 2428 2747 2517 Iugurtha
2796 2449 2925 2516 per

695 2554 1002 2622 insidias
1051 2555 1665 2644 apprehendendo
1696 2555 2195 2623 conveniant:
2242 2577 2276 2623 <t
2310 2557 2377 2621 Is
2429 2555 2696 2622 missus
2750 2575 2921 2622 cum

693 2678 1057 2765 praesidio
1081 2678 1409 2767 equitum
1431 2683 1645 2767 atque
1664 2678 2074 2768 peditum...
2104 2701 2122 2761 3
2161 2683 2534 2768 praeterea
2565 2678 2925 2766 sagittarii

694 2807 763 2871 et
792 2803 1055 2872 cohors
1088 2804 1431 2893 paeligna
1462 2826 1631 2872 cum
1667 2804 2098 2874 velitaribus
2128 2805 2383 2890 armis,
2418 2804 2702 2873 itineris
2757 2826 2928 2893 pro-

693 2928 997 3016 perandi
1031 2950 1253 2997 causa
1288 2928 1404 3018 (4).
1443 2955 1476 2991 »

779 3059 1019 3146 Usque
1071 3057 1159 3124 ad
1191 3055 1465 3125 bellum
1507 3056 1774 3125 sociale
1831 3056 2343 3127 denuntiatum
2415 3058 2772 3145 Paeligni,
2845 3062 2923 3127 ut

685 3179 930 3263 Marsi,
967 3180 1390 3267 Marrucini,
1426 3180 1796 3266 Frentani,
1821 3181 1987 3259 etc.,
2023 3180 2101 3247 in
2133 3181 2663 3250 foederatorum
2698 3203 2919 3272 popu-

606 3282 613 3286 *
685 3304 924 3375 lorum
956 3328 1263 3376 numero
1297 3281 1883 3396 permanserunt,
1923 3328 2156 3396 neque
2190 3328 2574 3376 romanam
2629 3307 2778 3376 ulla
2828 3330 2915 3378 ex

685 3437 888 3525 parte
919 3434 1320 3521 attigerunt
1349 3433 1750 3501 civitatem.
1785 3432 1920 3501 Sed
1946 3433 2091 3501 iam
2123 3433 2410 3501 romani
2439 3447 2677 3503 mores
2708 3435 2786 3503 in
2811 3436 2913 3504 eis

686 3561 1039 3652 paulatim
1075 3559 1450 3628 mutandis
1491 3559 1896 3648 plurimum
1929 3560 2298 3629 valebant.
2342 3559 2664 3629 Titulum
2695 3583 2918 3652 supra

682 3688 1076 3756 citavimus
1159 3686 1531 3755 meddices
1596 3688 1863 3756 tuticos
1931 3688 2111 3755 duos
2177 3693 2911 3759 commemorantem.

679 3815 860 3881 Cum
884 3816 1154 3880 Romae
1181 3811 1363 3879 ratio
1388 3815 1576 3880 esset
1607 3814 1685 3878 ut
1717 3832 2005 3900 semper
2036 3804 2426 3901 imperium
2455 3816 2915 3904 potestasque

679 3936 1250 4024 magistratuum
1280 3934 1615 4023 collegiis
1647 3935 2133 4019 traderentur,
2172 3934 2308 4003 hoc
2361 3936 2781 4005 institutum
2832 3938 2910 4006 in

675 4059 997 4130 Sabellos
1020 4080 1304 4150 quoque
1338 4060 1710 4129 invaserat
1738 4060 1857 4149 (5).
1887 4059 2080 4128 Socii
2104 4063 2359 4149 sponte
2392 4079 2523 4129 sua
2556 4061 2645 4130 ad
2679 4083 2913 4131 exem·

743 4326 822 4399 (1)
853 4327 994 4394 L1v.‚
1025 4325 1203 4394 XLIV,
1233 4329 1323 4382 40.
1405 4352 1409 4356 ·

743 4424 820 4496 (2)
848 4427 1183 4493 PLUTARCH„
1219 4426 1416 4482 Aemil.
1455 4425 1646 4494 Paul„
1677 4429 1768 4483 20.

739 4522 816 4591 (3)
850 4523 1136 4591 Fnom‘rm„
1171 4523 1581 4592 Straleyemat„
1613 4525 1680 4591 ΙΙ,
1714 4525 1769 4588 8,
1792 4524 1844 4576 4.

737 4620 816 4689 (4)
848 4620 1030 4689 SALL„
1058 4621 1344 4690 quurth„
1379 4620 1504 4674 106.

739 4714 817 4788 (5)
849 4716 1082 4787 ΒΕιοοΗ,
1112 4734 1202 4788 op.
1237 4721 1310 4774 cit
1341 4760 1354 4787 ,
1387 4735 1445 4789 p.
1478 4719 1596 4773 159.
