3557 5559
1675 508 2032 575 ...30-

741 705 812 773 et
841 707 1251 789 castaneae,
1278 704 1572 775 acaciae
1603 708 1672 775 et
1705 706 1976 795 populi,
2014 726 2195 796 quas
2233 726 2447 775 nemo
2475 704 2716 775 nescit
2753 726 2974 796 pecu-

740 825 956 896 liares
987 831 1057 897 et
1092 827 1529 898 vernaculas
1552 828 1833 918 species
1855 849 2009 898 esse
2030 829 2713 919 septentrionalium
2739 830 2976 917 regio-

739 972 947 1020 num.
1016 956 1372 1021 Locorum
1421 951 1727 1021 altitudo
1771 956 2454 1042 temperaturaeque
2495 953 2978 1023 inclementia

737 1077 1150 1165 impediunt
1216 1098 1309 1146 ne
1373 1077 1570 1166 apud
1638 1078 2028 1165 Paelignos
2059 1077 2364 1147 feliciter
2422 1099 2504 1147 ea
2570 1071 2978 1167 gignantur

741 1202 1164 1292 plantarum
1204 1222 1478 1289 genera
1517 1223 1704 1293 quae
1744 1202 1920 1272 alibi
1955 1204 2090 1272 sub
2132 1203 2389 1272 eadem
2437 1204 2624 1272 caeli
2660 1203 2977 1271 inclina-

737 1326 939 1395 tione
970 1329 1388 1417 suppetunt.

831 1454 1012 1520 Cum
1045 1449 1285 1520 solum
1318 1451 1393 1519 in
1419 1451 1789 1521 montibus
1812 1452 2142 1521 ieiunum
2174 1452 2269 1520 sit
2290 1456 2358 1520 et
2391 1451 2723 1539 frugibus
2755 1451 2978 1519 inha-

740 1575 909 1657 bile,
947 1576 1023 1643 in
1066 1576 1364 1666 planitie
1395 1580 1656 1645 contra
1689 1577 2054 1646 fertilitate
2086 1583 2280 1646 terra
2306 1576 2599 1646 excellit
2654 1598 2976 1666 proven-

740 1699 1085 1790 tibusque
1115 1699 1460 1768 abundat.
1492 1704 1576 1768 In
1617 1700 1734 1768 his
1767 1701 2067 1769 Nasonis
2117 1701 2444 1769 versibus
2477 1699 2649 1769 licet
2700 1702 2973 1789 patrius

743 1845 952 1894 amor
981 1825 1309 1906 exsultet,

1269 2043 1336 2097 Et
1365 2042 1510 2101 viret
1538 2042 1597 2097 in
1626 2049 1821 2100 tenero
1852 2043 2054 2101 fertilis
2085 2043 2265 2100 herba
2294 2044 2439 2100 solo,

1144 2141 1318 2197 Terra
1351 2140 1507 2196 ferax
1540 2141 1783 2210 Cereris,
1816 2142 2112 2214 multoque
2142 2141 2387 2197 feracior
2415 2158 2593 2209 uvae3

1272 2241 1382 2295 Dat
1412 2257 1643 2313 quoque
1674 2240 2020 2297 bacciferam
2050 2241 2287 2295 Pallada
2318 2258 2481 2296 rarus
2511 2256 2681 2310 ager3

1131 2342 1350 2411 Perque
1378 2344 1747 2413 resurgentes
1777 2341 1918 2395 rivis
1949 2341 2275 2396 labentibus
2303 2342 2512 2396 herbas

1274 2438 1611 2495 Gramineus
1641 2438 1936 2494 madidam
1969 2455 2200 2510 caespes
2231 2440 2540 2494 obumbrat
2577 2439 2823 2494 humum
2853 2438 2932 2512 (1)
2961 2455 2973 2506 ;

743 2670 895 2719 non
926 2655 1137 2741 poeta
1191 2655 1439 2721 tamen
1492 2675 1605 2721 res
1640 2653 1836 2743 ipsas
1889 2654 2128 2722 verbis
2221 2653 2605 2721 adauxisse
2666 2653 2975 2721 videtur.

746 2777 1107 2867 Pinguem
1175 2778 1375 2848 enim
1463 2778 1724 2849 limum
1809 2779 2171 2869 prioribus
2248 2781 2464 2849 terris
2542 2779 2854 2848 flumina
2912 2782 2982 2849 et

743 2920 989 2971 amnes
1051 2923 1180 2991 per
1235 2902 1680 2972 alluvionem
1730 2904 1831 2971 ita
1870 2903 2321 2989 adiecerunt,
2359 2908 2438 2971 ut
2495 2903 2655 2990 agri
2716 2903 2982 2992 quibus

745 3027 1040 3098 assiduo
1073 3027 1672 3097 subministratur
1737 3049 1928 3119 aqua
1985 3028 2190 3098 omni
2240 3027 2447 3097 modo
2478 3027 2617 3096 coli
2672 3028 2975 3117 possint.

832 3153 913 3221 In
946 3152 1196 3223 umido
1228 3152 1393 3221 sinu
1434 3152 1947 3242 depressarum
1971 3151 2274 3221 vallium
2313 3151 2641 3221 abundat
2679 3171 2981 3240 caespes

743 3276 1144 3366 fenumque
1186 3275 1410 3345 semel
1451 3280 1520 3345 et
1549 3276 1842 3366 saepius
1874 3296 2311 3366 unoquoque
2334 3296 2528 3344 anno
2559 3274 2979 3345 demetitur.

746 3402 1000 3470 Varias
1085 3405 1366 3489 segetes
1428 3401 1656 3471 edunt
1725 3402 1974 3490 campi
2046 3420 2061 3468 ε
2132 3401 2527 3485 frumenta,
2590 3398 2855 3479 secale,
2916 3400 2986 3467 et

750 3527 1066 3596 maxime
1095 3547 1400 3610 avenas;
1423 3527 1792 3617 agricolae
1833 3527 2225 3618 quotannis
2260 3548 2533 3596 messes
2563 3526 2745 3595 duas
2786 3546 2986 3615 pera·

748 3673 918 3741 gere
950 3650 1210 3721 solent.
1243 3655 1314 3722 C.
1346 3652 1628 3722 Plinius
1653 3654 2034 3723 Secundus
2055 3653 2235 3722 dicit
2255 3653 2404 3722 lino
2437 3674 2722 3744 quoque
2754 3650 2988 3721 Paeli-

749 3797 934 3865 gnos
977 3761 1342 3846 culturam
1379 3778 1798 3848 adhibuisse
1834 3800 1848 3844 :
1889 3802 1922 3842 a
1979 3777 2182 3846 ltalia
2228 3780 2296 3844 et
2328 3776 2688 3866 paelignis
2721 3776 2987 3844 etiam-

748 3928 929 3976 num
962 3905 1138 3975 linis
1163 3906 1517 3977 honorem
1555 3908 1797 3991 habet,
1826 3909 1947 3976 sed
1976 3906 2341 3975 fullonum
2367 3910 2655 3975 tantum
2689 3906 2768 3973 in
2804 3927 2936 3973 usu
2965 3930 2980 3984 ;

750 4031 1041 4101 nullum
1076 4036 1183 4101 est
1214 4032 1603 4101 candidius
1634 4031 1936 4102 lanaeve
1985 4030 2301 4099 similius
2335 4029 2429 4122 (2)
2456 4055 2518 4097 n.
2555 4033 2765 4098 Nunc
2799 4051 2986 4120 quo-

750 4177 889 4247 que
932 4157 1172 4258 linum
1203 4162 1274 4227 et
1312 4158 1696 4242 cannabiS,
1730 4158 1998 4248 quibus
2031 4157 2459 4247 praesertim
2495 4155 2842 4225 idoneum
2878 4159 2987 4223 est

750 4285 1202 4373 uliginosum
1236 4286 1500 4365 solum,
1538 4307 1876 4378 prospere
1928 4285 2375 4356 adolescunt.

823 4487 899 4558 (1)
935 4490 1123 4557 Ovm„
1156 4490 1306 4558 Am,
1346 4491 1414 4560 ΙΙ,
1445 4489 1529 4558 16,
1564 4492 1617 4544 6.

821 4584 903 4658 (2)
931 4587 1111 4657 Pam„
1141 4589 1278 4646 Hist.
1308 4589 1458 4659 Nat„
1490 4588 1620 4659 xlx,
1657 4592 1704 4643 1.
