3557 5559
1702 619 2059 686 ..10-

760 843 984 913 quam
1078 821 1332 892 urbem
1414 821 1503 892 ad
1592 843 1889 894 omnem
1972 823 2384 913 priscorum
2471 822 2991 910 Paelignorum

761 967 1023 1035 agrum
1097 945 1564 1017 lustrandum
1632 946 1882 1016 sedem
1959 947 2322 1037 cepimuS.
2390 946 2519 1016 Vir
2593 940 2993 1013 eruditissi-

764 1093 926 1141 mus
967 1070 1724 1163 diligentissimusque
1765 1072 2226 1163 antiquitatis
2257 1071 2741 1160 investigator
2769 1071 2997 1139 Anto-

759 1200 879 1267 m‘o
943 1198 1025 1265 de
1072 1198 1284 1277 Nino,
1340 1196 1854 1267 Sulmonensis
1902 1199 2054 1287 ipse
2104 1218 2395 1285 genere,
2450 1196 2594 1266 dux
2643 1198 2995 1268 itinerum

762 1324 1180 1390 nostrorum
1221 1321 1357 1389 fuit
1388 1341 1405 1397 ;
1441 1322 1752 1392 scientia
1788 1322 1944 1391 eius
1983 1321 2380 1409 singularis
2410 1327 2480 1391 et
2526 1322 2795 1392 eximia
2828 1324 2999 1393 libe-

765 1447 1014 1517 ralitas
1047 1451 1126 1516 ut
1164 1468 1345 1537 opus
1377 1448 1753 1538 inceptum
1797 1448 1886 1517 ad
1920 1449 2194 1518 exitum
2249 1449 2771 1538 perduceretur
2801 1451 2997 1519 mul-

764 1572 923 1640 tum
964 1569 1430 1647 adiuverunt.
1473 1575 1810 1662 Aequum
1851 1575 1957 1642 est
1987 1572 2212 1661 igitur
2242 1579 2309 1641 et
2364 1592 2782 1661 congruens
2822 1573 2997 1643 huic

762 1693 918 1762 viro
950 1694 1035 1763 de
1066 1693 1275 1764 nobis
1325 1695 1597 1785 optime
1656 1696 1914 1765 merito
1962 1697 2277 1783 gratiam
2319 1698 2563 1785 aperte
2604 1695 2994 1787 palamque

764 1818 1055 1888 referre.

856 1947 1250 2037 Paelignae
1274 1950 1595 2037 regionis
1619 1951 2115 2039 geographica
2137 1949 2527 2039 descriptio
2551 1949 3001 2041 historiaque

697 2142 705 2155 l
766 2075 836 2138 et
868 2070 1170 2162 antiqua
1200 2072 1743 2164 chorographia
1777 2074 2225 2142 uberrimam
2258 2071 2577 2163 profecto
2610 2073 2996 2166 materiam

767 2195 857 2265 ad
890 2195 1358 2265 scribendum
1395 2198 1773 2286 praebent,
1809 2197 1930 2267 sed
1964 2198 2218 2288 paucis
2251 2196 2490 2265 verbis
2524 2218 2670 2265 non
2696 2201 3004 2286 possunt

765 2322 1035 2389 cuncta
1093 2322 1524 2410 pertractari
1569 2346 1583 2405 ;
1658 2326 2100 2413 quapropter
2165 2342 2457 2389 summa
2521 2324 2809 2390 tantum
2870 2345 3002 2391 ca-

764 2444 1072 2514 cumina
1112 2467 1360 2516 rerum
1412 2446 1533 2515 hic
1574 2448 1937 2537 inspicere
1983 2446 2375 2531 voluimuS‚
2429 2446 2703 2515 laxiore
2750 2447 3001 2535 singu-

763 2574 1002 2641 lorum
1034 2575 1481 2663 expositione
1511 2575 1589 2643 in
1623 2578 1994 2666 posterum
2035 2576 2323 2662 tempus
2363 2573 2610 2641 dilata.
