3557 5559
1608 561 2004 629 —103—

686 761 1088 849 (Gz‘oveneo)
1164 759 1516 829 dividitur
1575 761 1693 849 (1).
1741 785 1775 825 »
1835 760 1998 828 Alta
2047 761 2224 850 iuga
2261 763 2522 852 (monle
2576 766 2916 839 Sirrente,

685 893 918 953 monte
947 891 1141 968 Bore,
1168 893 1399 952 monte
1453 884 1811 963 Ventrz'rzc),
1846 886 1912 953 la
1941 886 2153 973 Meta)
2185 886 2527 981 paeligno
2560 908 2737 976 agro
2772 908 2917 955 mo-

619 1036 627 1042 ·
685 1008 862 1077 dum
918 1007 1226 1091 faciunt,
1263 1007 1747 1098 hominesque
1798 1009 2375 1079 observaverunt
2416 1009 2685 1093 limites
2735 1031 2914 1099 quos

684 1135 846 1225 ipsa
875 1132 1139 1204 natura
1170 1137 1441 1223 egerat.

772 1263 907 1330 Sed
953 1261 1219 1350 ubique
1262 1260 1436 1330 alibi
1480 1261 1742 1330 finium
1790 1261 2181 1352 descriptio
2213 1262 2743 1334 dubitationem
2789 1264 2918 1334 ali-

682 1409 905 1479 quam
936 1387 1180 1457 habet.
1207 1390 1385 1456 Cum
1412 1408 1764 1476 magnam
1798 1387 2208 1477 planitiem,
2235 1389 2693 1459 intersecivis
2726 1390 2915 1459 limi-

680 1512 870 1582 tibus
902 1511 1310 1596 definitam,
1343 1513 1656 1580 Aternus
1715 1506 2001 1581 medius
2060 1518 2130 1582 et
2182 1534 2437 1583 amnes
2496 1514 2777 1605 rivique
2835 1515 2914 1584 in

681 1659 848 1708 eum
881 1658 1035 1706 sese
1067 1638 1543 1706 exonerantes
1572 1636 1878 1716 afluant,
1918 1637 2267 1725 Paeligni,
2295 1638 2420 1729 qui
2442 1637 2518 1706 in
2550 1639 2666 1707 his
2698 1639 2913 1708 valli-

678 1764 811 1834 bus
871 1763 1115 1832 sedem
1204 1763 1768 1846 collocaverant,
1830 1764 2185 1833 terminos
2265 1768 2501 1834 certos
2554 1767 2909 1855 paulatim

674 1887 1108 1975 transgressi
1171 1889 1362 1954 sunt.
1412 1889 1488 1953 In
1544 1907 1758 1972 agros
1806 1886 2293 1961 finitimorum
2334 1891 2403 1957 et
2459 1890 2911 1977 consangui-

672 2035 978 2083 neorum
1023 2012 1455 2102 populorum
1518 2013 2000 2090 incesserunt,
2038 2013 2125 2080 ad
2178 2035 2358 2103 quos
2389 2034 2654 2102 nempe
2696 2015 2904 2085 fluvii

669 2159 930 2207 cursus
986 2140 1112 2205 aut
1176 2136 1537 2206 montium
1593 2136 1839 2205 fauces
1889 2136 2162 2205 dabant
2206 2136 2517 2206 aditum.
2582 2138 2903 2209 Adverso

665 2268 945 2343 Aterno
990 2267 1273 2348 eunteS,
1336 2263 1524 2333 ultra
1583 2285 2218 2354 superaequanam
2264 2264 2561 2348 vallem,
2608 2241 2902 2335 Sabinis

668 2394 1172 2461 occurrerunt.
1232 2390 1567 2459 Flumine
1616 2389 1963 2470 secundo,
2006 2393 2211 2459 trans
2245 2396 2642 2478 angustias
2688 2391 2901 2480 (Gala

667 2519 740 2585 di
802 2520 1204 2604 Tremontz),
1252 2515 1494 2584 amnis
1551 2515 1778 2583 Tirini
1840 2519 2228 2606 utramque
2289 2517 2523 2605 ripam
2589 2516 2906 2585 incolue-

670 2650 862 2730 runt,
907 2646 1228 2715 Vestinis
1279 2644 1613 2734 repulsis.
1653 2646 1917 2714 Montis
1958 2648 2283 2714 Morrone
2315 2648 2521 2733 terga
2561 2646 2660 2714 ita
2709 2667 2900 2714 asse-

669 2767 843 2847 cuti,
881 2767 1321 2838 Marrucinis
1353 2772 1424 2836 et
1463 2766 1843 2836 Frentanis
1885 2765 2079 2836 obvii
2116 2769 2506 2854 venerunt,
2543 2790 2672 2859 per
2709 2767 2902 2838 vici-

666 2915 799 2963 nas
838 2893 1174 2985 planities
1204 2892 1493 2983 dilapsi.
1529 2896 1725 2961 Inter
1756 2892 2115 2961 orientem
2149 2893 2371 2963 solem
2414 2898 2483 2963 et
2514 2894 2897 2963 meridiem

664 3020 979 3111 denique
1028 3019 1549 3102 Sulmonenses
1582 3018 1671 3086 ad
1705 3017 2171 3098 Aufidenam,
2207 3019 2679 3087 samniticam
2714 3018 2898 3087 civi-

661 3148 913 3225 tatem,
940 3146 1259 3235 primam
1286 3149 1822 3214 Caracenorum
1851 3143 2133 3225 urbem,
2159 3143 2628 3214 tetenderunt
2653 3169 2667 3224 ;
2705 3148 2898 3214 tran-

676 3270 857 3339 situs
898 3270 1096 3339 enim
1138 3270 1329 3337 inter
1352 3266 1782 3359 paelignum
1838 3288 2101 3356 agrum
2156 3271 2225 3337 et
2265 3268 2657 3358 superioris
2689 3269 2904 3357 Sagri

662 3394 1049 3485 amnisque
1088 3395 1437 3463 Aventino
1475 3393 1702 3462 valles
1745 3414 1874 3483 per
1919 3414 2218 3484 campos
2245 3395 2467 3463 Piano
2513 3395 2591 3463 dz’
2639 3394 2892 3484 cinque

664 3520 911 3608 mz'qlz'a
969 3519 1268 3587 vocatos
1308 3515 1502 3585 haud
1535 3514 1859 3584 difficilis
1891 3520 2068 3584 erat.
2106 3516 2376 3585 Omnes
2416 3537 2583 3585 suos
2607 3516 2896 3586 nativos

662 3643 935 3712 limites
969 3641 1314 3731 paeligna
1343 3662 1524 3731 gens
1566 3641 1959 3730 praeteriit.

746 3771 1079 3837 Ceterum
1113 3767 1193 3834 in
1236 3766 1507 3835 finibus
1535 3786 1662 3854 pro
1704 3764 2153 3854 temporibus
2202 3766 2569 3835 variatum
2622 3770 2731 3836 est
2761 3768 2890 3858 (2).

662 3893 1030 3975 Quaedam
1089 3892 1501 3962 recentiora
1539 3892 1868 3961 locorum
1935 3891 2240 3960 nomina
2297 3892 2373 3960 in
2424 3893 2611 3961 valle
2651 3895 2893 3963 amnis

655 4024 1003 4093 Aventino
1043 4021 1447 4112 reperimus
1470 4025 1812 4105 (Taranta
1848 4020 2173 4109 Peliqna,
2195 4022 2411 4089 Lama
2446 4021 2845 4110 de'Pelz‘yni
2862 4045 2890 4107 ,-

661 4145 1040 4216 Torrz‘cella
1069 4145 1427 4235 Peligna),
1464 4165 1649 4235 quae
1669 4143 1879 4213 nobis
1900 4149 2335 4231 argumento
2367 4148 2540 4214 sunt
2567 4148 2887 4215 veterem

655 4272 1008 4364 populum
1045 4272 1451 4362 antiquitus
1469 4270 1647 4341 hinc
1678 4270 2111 4360 longissime
2143 4255 2611 4360 progressum
2635 4272 2883 4341 fuisse.

752 4473 775 4528 1
834 4471 978 4529 ibid.
1088 4516 1103 4530 .
1137 4472 1223 4529 13.

722 4471 804 4645 {2}
834 4574 912 4627 Da
940 4488 1170 4641 Pingui,
1200 4571 1260 4627 in
1292 4588 1305 4627 ε
1339 4572 1564 4627 Archiv.
1622 4577 1759 4626 stor.
1810 4587 1916 4643 per
1957 4573 2005 4627 le
2027 4572 2317 4642 provincie
2362 4571 2643 4643 Napolet„
2684 4575 2728 4629 t.
2770 4574 2885 4645 XV,

654 4670 812 4739 1890,
851 4686 909 4743 p.
942 4669 1067 4726 438.
