3557 5559
1550 564 1905 632 —61—

605 783 857 833 eorum
889 764 1224 832 catervas
1253 760 1538 850 aliquas
1556 761 1988 832 Volscorum
2012 782 2229 850 agros
2258 762 2692 834 iamdudum
2731 764 2843 833 in-

608 888 886 957 vasisse
924 890 955 955 ?

699 1016 895 1093 Quae
961 1034 1131 1083 cum
1190 1013 1293 1083 ita
1350 1012 1523 1092 sint,
1587 1013 1915 1100 Paeligni
1963 1014 2258 1104 pariter,
2309 1015 2584 1084 Latinis
2640 1037 2841 1085 anno

607 1140 900 1225 4111343
930 1137 1281 1228 oppressi,
1314 1137 1391 1206 in
1422 1138 1854 1207 Volscorum
1898 1139 2111 1208 terris
2151 1140 2346 1210 Latio
2394 1140 2841 1210 continenti-

608 1265 744 1335 bus
790 1263 1222 1334 habitabant
1259 1264 1385 1355 (1).
1445 1269 1717 1334 Auctor
1767 1269 1875 1334 est
1941 1264 2210 1346 LiviuS,
2265 1269 2339 1334 ut
2384 1287 2605 1355 supra
2660 1247 2845 1336 'vidi-

612 1411 804 1475 muS,
838 1395 1209 1459 Romanos
1239 1410 1436 1459 anno
1467 1391 1776 1477 4321322
1823 1389 2100 1459 bellum
2150 1411 2322 1458 cum
2366 1391 2686 1459 Vestinis
2736 1412 2849 1460 re-

614 1517 1014 1601 cusavisse,
1049 1538 1138 1584 ne
1174 1519 1370 1584 metu
1405 1515 1817 1606 propinquo
1850 1520 2066 1604 atque
2098 1516 2208 1584 ira
2238 1515 2595 1585 finitimos
2628 1539 2850 1606 popu·

612 1644 720 1711 los
750 1643 1175 1711 nonciarent
1200 1641 1327 1732 (2).
1361 1645 1564 1711 Tunc
1592 1642 1894 1709 demum
1918 1661 2445 1729 germanorum
2472 1642 2852 1729 Paeligno-

617 1788 809 1850 rum,
872 1765 1152 1834 medios
1213 1769 1496 1835 montes
1554 1764 2064 1847 incolentium,
2113 1784 2386 1832 nomen
2426 1764 2846 1835 audierunt.

709 1893 873 1959 Mox
921 1891 1163 1956 autem
1217 1891 1513 1956 senatus
1553 1887 2011 1977 populusque
2060 1908 2410 1956 romanus
2460 1908 2849 1977 aggressus

608 2017 716 2081 est
749 2012 1149 2101 imperium
1187 2032 1403 2080 suum
1440 2031 1666 2101 usque
1698 2010 1791 2079 ad
1825 2009 1998 2079 litus
2037 2010 2496 2111 Adriaticum
2529 2010 2850 2099 proferre

613 2138 1029 2228 montisque
1068 2137 1457 2226 ¹[Apennini
1506 2136 1904 2205 indomitas
1956 2141 2211 2223 gentes
2251 2136 2581 2224 redigere
2631 2135 2708 2203 in
2742 2134 2854 2203 di-

617 2264 935 2334 cionem.
995 2262 1434 2331 Certaminis
1498 2262 1700 2330 vices
1758 2281 2021 2350 parum
2076 2260 2414 2349 cognitas
2461 2259 2850 2343 habemUS,

614 2392 1091 2479 veterumque
1124 2387 1562 2478 scriptorum
1590 2386 2045 2455 narrationes
2075 2386 2329 2454 crebro
2354 2385 2852 2454 subobscurae

615 2518 812 2581 sunt.
863 2512 1061 2592 Quod
1105 2513 1193 2581 ad
1257 2511 1643 2599 Paelignos
1699 2511 1982 2588 attinet,
2018 2532 2105 2579 ex
2161 2509 2454 2579 Diodori
2520 2510 2846 2599 Liviique

612 2625 1051 2709 testimoniis
1085 2639 1420 2709 concludi
1441 2642 1673 2729 potest
1702 2660 1857 2707 rem
1881 2659 2010 2727 per
2039 2659 2413 2706 summam
2438 2637 2846 2708 contentio-

615 2789 786 2837 nem
833 2771 1073 2837 actam
1120 2767 1367 2852 fuisse,
1427 2788 1692 2856 eosque
1743 2765 2100 2836 acerrime
2140 2765 2215 2836 vi
2244 2764 2490 2835 illatae
2542 2764 2846 2835 obnixos

608 2915 803 2963 anno
835 2894 1128 2980 4451309
1158 2915 1201 2962 a
1233 2892 1585 2961 Romanis
1635 2892 1962 2961 devictos
2007 2912 2163 2960 esse
2196 2911 2211 2960 :
2252 2915 2287 2957 α
2324 2894 2505 2961 Cum
2548 2891 2849 2962 Samni-

611 3018 806 3087 tibus
884 3018 1043 3087 acie
1101 3017 1618 3086 dimicatum...
1693 3016 1938 3085 Secuti
2013 3021 2423 3085 Marsorum
2500 3015 2851 3085 defectio-

610 3163 782 3210 nem
826 3141 1515 3229 Paelignieamdem
1547 3141 1919 3208 fortunam
1953 3139 2367 3207 habuerunt
2400 3138 2517 3228 (3).
2563 3164 2591 3201 »
2632 3141 2847 3206 Anno

611 3269 902 3358 4491305
933 3288 1193 3356 pacem
1216 3265 1699 3335 intervenisse
1732 3289 1747 3331 ε
1789 3288 1822 3329 (ι
1849 3269 1946 3333 De
1968 3264 2236 3354 Aequis
2258 3263 2843 3352 triumphatum3

614 3397 1092 3487 exemploque
1152 3416 1405 3464 eorum
1464 3394 1708 3464 clades
1774 3393 1912 3463 fuit
1968 3396 2046 3462 ut
2114 3393 2538 3473 Marrucini,
2602 3392 2846 3471 Marsi,

619 3521 971 3610 Paeligni,
1005 3518 1346 3589 Frentani
1385 3518 1760 3588 mitterent
1790 3522 2101 3587 Romam
2134 3520 2453 3587 oratores
2494 3517 2698 3608 pacis
2728 3538 2850 3606 pe-

615 3646 880 3715 tendae
928 3645 1446 3735 amicitiaeque
1476 3664 1494 3729 ;
1540 3645 1631 3713 iis
1664 3643 1954 3734 populis
1984 3643 2236 3713 foedus
2267 3642 2682 3734 petentibus
2716 3641 2848 3711 da-

617 3777 771 3842 tum
822 3773 911 3862 (4)
944 3795 1009 3840 ι).
1066 3777 1160 3840 Ea
1206 3771 1392 3840 Livii
1435 3770 1658 3840 verba
1690 3755 2047 3839 Diodorus
2096 3769 2428 3843 certiora,
2465 3769 2564 3837 ita
2601 3768 2781 3837 facit
2825 3791 2840 3834 ε

614 3902 672 3953 ‘O
703 3898 761 3955 δὲ
792 3896 970 3972 δῆμος
1002 3898 1029 3952 ὁ
1061 3895 1348 3971 Ῥωμαίων
1381 3896 1518 3972 πρός
1547 3916 1609 3950 τε
1654 3895 1908 3968 Μαρσοὺς
1939 3894 2028 3949 καὶ
2059 3891 2361 3969 Πελιγνοὺς
2391 3889 2471 3948 ἔτι
2504 3890 2561 3948 δὲ
2590 3899 2851 3967 Μαρρου-

612 4019 796 4079 κίνους
830 4013 1148 4091 συμμαχίαν
1180 4010 1475 4085 ἐποιήσατο
1521 4003 1651 4096 (5).
1711 4007 1804 4073 At
1856 4003 2062 4072 locus
2127 4000 2309 4070 alter
2366 3999 2683 4078 Diodori,
2758 4000 2850 4069 ad

681 4284 758 4356 (1)
790 4285 918 4341 ΕΤΤ.
953 4286 1105 4352 Pus,
1137 4284 1241 4339 loc.
1273 4284 1368 4338 cit.

685 4384 767 4454 (2)
802 4386 944 4450 Lm,
968 4383 1108 4449 VIII,
1137 4384 1223 4437 29.
1259 4410 1323 4422 -
1355 4379 1437 4434 Cf.
1473 4392 1671 4450 supra,
1704 4391 1760 4446 p.
1796 4377 1885 4434 57.

690 4482 761 4552 (Ἴ)
797 4482 941 4547 L1v.,
971 4482 1064 4548 IX,
1091 4482 1179 4535 41.

691 4583 766 4652 (4)
799 4581 942 4649 L1v.‚
972 4581 1056 4647 IX,
1088 4581 1176 4634 45.

693 4679 767 4752 (ὅ)
796 4679 977 4746 Βιοι).,
1007 4677 1126 4747 XX,
1160 4676 1284 4732 101.
