3557 5559
1511 546 1725 638 —Rss
1774 608 1862 621 .-

558 769 870 860 runt(1).
916 767 1203 838 Fictilia
1241 788 1541 837 aereave
1572 787 1748 836 vasa
1777 767 1854 836 in
1890 767 2131 838 varios
2171 768 2425 838 modos
2476 767 2800 857 figurata

555 898 754 967 sunt.
801 894 1067 963 Omnia
1099 914 1283 984 quae
1306 893 1722 963 accuratius
1763 891 2132 963 elaborata
2159 893 2455 963 fuerunt
2493 915 2530 962 e
2569 895 2802 983 regic-

552 1019 766 1088 nibus
798 1019 1115 1088 externis
1153 1017 1618 1089 arcessebant
1658 1016 2012 1108 Paeligni,
2053 1017 2127 1086 id
2171 1022 2277 1086 est
2316 1018 2670 1091 nimirum
2714 1040 2799 1086 ex

554 1143 798 1213 Italiae
819 1143 1186 1212 inferioris
1217 1141 1616 1233 provinciis
1642 1142 1906 1233 quibus
1926 1142 2182 1212 Graeci
2209 1143 2636 1234 perpolitam
2666 1143 2800 1211 hu·

563 1270 916 1339 manitate
954 1270 1213 1356 vitam,
1253 1268 1597 1338 cultiores
1632 1289 1830 1347 usus,
1868 1268 2138 1341 artium
2196 1269 2794 1338 exercitationem

556 1396 1083 1487 imposuerant.
1122 1396 1475 1487 Pleraque
1512 1417 1900 1476 verum,ex
1925 1395 2185 1484 argilla
2207 1418 2454 1465 crassa
2483 1396 2680 1481 ficta,
2717 1397 2795 1464 in

550 1520 728 1610 ipsis
780 1503 1150 1591 montibus
1199 1521 1555 1591 fabricata
1592 1522 1826 1599 erant,
1875 1519 2439 1589 similitudinem
2476 1522 2793 1591 referen-

546 1649 652 1718 tia
696 1648 1119 1720 italicorum
1186 1670 1532 1719 vasorum
1592 1670 1777 1739 quae
1812 1669 2189 1739 ‚persaepe
2258 1648 2433 1719 alibi
2486 1649 2794 1722 inventa

553 1777 749 1844 sunt.

637 1903 897 1971 Mortui
930 1924 1102 1971 cum
1134 1903 1457 1972 vestibus
1490 1906 1558 1971 et
1589 1902 2049 1972 ornamentis
2099 1900 2660 1992 sepeliebantur.
2699 1908 2792 1976 Ut

514 2028 762 2118 *longo
812 2016 964 2098 iam
1016 2033 1336 2120 tempore
1385 2033 1619 2100 vestes
1661 2031 1737 2098 in
1784 2029 2163 2131 pulverem
2197 2031 2553 2101 resolutae
2587 2036 2781 2113 sunt,

542 2158 645 2229 ita
672 2180 884 2228 aerea
907 2158 1231 2228 ferreave
1246 2162 1683 2228 ornamenta
1704 2157 1943 2226 adhuc
1959 2162 2375 2248 supersunt,
2393 2159 2585 2229 inter
2599 2181 2785 2249 quae

542 2284 970 2376 praesertim
1031 2268 1598 2376 conspiciuntur
1632 2285 1976 2373 ‘rigentes
2033 2287 2352 2374 torqueS,
2395 2307 2432 2353 e
2485 2287 2783 2375 magnis

544 2412 1123 2503 cylindratisque
1192 2411 1425 2480 aereis
1475 2411 1619 2479 filis
1660 2409 2073 2500 compositi,
2127 2410 2252 2500 qui
2299 2409 2647 2480 desinunt
2703 2412 2780 2481 in

544 2536 801 2605 anulos
820 2536 965 2626 (2);
999 2576 1084 2587 —
1118 2535 1425 2605 monilia
1473 2556 1510 2605 e
1551 2534 1841 2603 succini
1882 2538 2009 2603 aut
2056 2533 2334 2604 metalli
2381 2535 2593 2605 micis
2634 2536 2780 2606 col·

542 2650 686 2729 lata
710 2660 803 2750 (3)
830 2680 847 2744 ;
876 2700 956 2710 -
980 2659 1312 2729 armillae
1338 2659 1758 2727 muricatim
1782 2641 2090 2727 retortae
2115 2657 2210 2749 (4)
2238 2686 2256 2740 ς
2281 2698 2366 2710 -
2398 2661 2782 2730 catenulae

543 2784 960 2865 metalliciS,
1006 2785 1357 2855 fictilibus
1401 2787 1525 2853 aut
1563 2784 1813 2854 vitreis
1844 2784 2159 2874 globulis
2200 2786 2574 2856 confectae
2607 2809 2777 2856 cum

539 2915 786 3005 parvis
843 2935 1189 2984 vasorum
1247 2914 1360 2982 vel
1406 2911 1849 2982 animalium
1911 2912 2335 2984 simulacris
2393 2916 2778 3006 pendenti·

535 3039 670 3109 bus
694 3041 806 3129 (5).
863 3041 1152 3110 Betifuli
1204 3019 1530 3130 repertae
1563 3042 1736 3108 sunt
1788 3037 2173 3109 catenulae
2203 3062 2240 3111 e
2282 3041 2776 3131 complanatis

538 3169 608 3235 et
636 3164 992 3235 involutis
1026 3165 1165 3234 filis
1215 3166 1599 3247 conflatae,
1634 3186 1818 3254 quae
1848 3163 1945 3232 ibi
1972 3168 2049 3234 ut
2070 3166 2472 3234 Aufidenae
2521 3163 2778 3235 mulie-

535 3285 736 3358 ribus
768 3289 1164 3379 praecipuc
1197 3288 1488 3358 ornatui
1520 3291 1729 3356 erant
1769 3289 1888 3377 (6).
1937 3288 2216 3379 Ubique
2247 3289 2325 3356 in
2359 3289 2610 3358 oculos
2655 3312 2774 3359 cc-

537 3421 850 3486 currunt
897 3421 1240 3487 curvatae
1274 3415 1563 3501 fibulae,
1603 3415 1690 3484 ad
1725 3418 1961 3485 vestes
2006 3415 2192 3485 inter
2240 3437 2315 3485 se
2367 3417 2775 3506 alligandas

540 3534 997 3604 utilissimae.
2595 3533 2598 3536 ’

630 3655 710 3721 In
735 3653 1064 3723 virorum
1097 3651 1455 3743 sepulcris
1487 3672 1694 3721 arma
1726 3652 2215 3742 reperiuntur,
2251 3655 2340 3723 ad
2376 3657 2771 3744 tegendum

541 3784 665 3851 aut
713 3781 802 3852 ad
871 3781 1291 3851 nocendum
1342 3780 1729 3852 destinata.
1798 3785 1849 3848 E
1904 3781 2231 3871 corporis
2291 3783 2774 3855 munimentis

539 3904 854 3974 citemus
885 3905 1270 3975 sabellicae
1295 3905 1548 3994 galeae
1580 3905 2022 3993 fragmenta,
2047 3905 2242 3996 apud
2266 3927 2539 3996 pagum
2567 3913 2772 3979 Cam-

605 4066 685 4137 (1)
718 4066 777 4122 L.
812 4068 1074 4136 MAmAm,
1104 4066 1263 4130 ibid..
1294 4082 1353 4137 p.
1386 4066 1512 4123 288.

607 4167 683 4239 (2)
710 4165 881 4235 Ibid„
913 4184 969 4238 p.
1004 4168 1128 4224 300.

605 4264 687 4337 (3)
715 4266 881 4336 Ιὸίά.,
913 4283 973 4338 p.
1007 4266 1130 4322 374.

603 4363 678 4435 (4)
713 4363 878 4432 lbid„
910 4380 966 4436 p.
1001 4364 1125 4420 373.

603 4460 685 4532 (5)
714 4462 882 4532 Ibid„
913 4480 970 4535 p.
1005 4466 1130 4520 332.

607 4561 681 4632 (ὃ)
717 4560 888 4630 thid„
916 4578 974 4633 p.
1006 4559 1134 4615 374.

605 4656 684 4731 (7)
715 4657 880 4726 Ibid„
909 4673 965 4728 p.
1003 4658 1125 4714 314.
