3557 5559
1506 566 1972 633 ⁴—102—

746 769 926 837 Cum
957 766 1023 837 ei
1052 765 1263 855 Sagri
1292 760 1502 833 fluvii
1532 762 1714 832 ostia
1775 761 2177 852 urbemque
2216 762 2568 831 Ortonam
2613 760 2894 831 adscri-

653 896 783 981 bit,
818 896 895 963 in
936 893 1410 964 manifestum
1442 912 1763 961 errorem
1806 891 2208 962 inducitur.
2244 891 2456 980 Sagri
2478 890 2680 961 enim
2710 891 2892 960 ostia

652 1025 724 1090 et
755 1024 1026 1092 Ortona
1047 1021 1580 1089 Frentanorum
1616 1020 1825 1087 erant
1848 1016 1971 1108 (1).
2000 1017 2201 1087 Idem
2242 1016 2397 1106 ipse
2429 1016 2891 1087 Ptolemaeus

562 1238 565 1239 γ
647 1145 845 1232 alibi,
882 1145 1040 1214 iure
1072 1144 1375 1234 Optimo,
1410 1141 1797 1231 Paelignos
1844 1149 2167 1225 μεσογείους
2202 1140 2522 1232 appellat
2545 1141 2664 1232 (2).

734 1270 993 1339 Strabo
1051 1268 1494 1340 contendere
1548 1266 1839 1335 videtur
1901 1286 2049 1348 eos,
2112 1288 2156 1334 a
2215 1266 2601 1335 Frentanis
2664 1270 2890 1355 Sagro

650 1395 875 1465 ssuvio
917 1397 1313 1486 separatos,
1356 1391 1577 1461 simul
1616 1412 1703 1462 ac
1737 1391 2197 1461 Marrucinos
2244 1391 2718 1460 Vestinorum
2765 1413 2883 1460 ur-

646 1518 813 1588 bem
835 1522 1193 1588 Aternum
1213 1523 1461 1587 tenere
1491 1542 1508 1590 ς
1536 1522 1611 1578 Τὸ
1646 1518 1704 1576 δὶ
1732 1519 1985 1597 πόλισμα
2012 1523 2075 1578 τὸ
2105 1519 2378 1597 ἐπόνυμον
2408 1519 2575 1578 αὖτοῦ
2607 1515 2705 1605 (id
2734 1517 2842 1584 est
2873 1538 2889 1582 ξ

643 1646 741 1699 τοῦ
798 1645 1075 1717 ποταμοῦ)
1132 1643 1443 1714 Οὐηστίνων
1505 1643 1599 1719 μὲν
1632 1643 1766 1711 ἐστι,
1823 1644 1993 1712 κοινῷ
2036 1637 2086 1694 δ’
2134 1639 2352 1712 ἐπινείῳ
2383 1644 2631 1714 χρῶνται
2678 1638 2767 1694 καὶ
2827 1640 2880 1695 οἳ
2985 1689 2993 1696 .

643 1745 904 1824 Πελίγνοι
932 1748 1024 1803 καὶ
1062 1749 1116 1804 οἱ
1162 1755 1532 1824 Μαρρουκῖνοι
1541 1790 1673 1808 ......
1734 1745 1944 1817 Μεταξὺ
1994 1742 2053 1801 δὲ
2099 1745 2377 1820 Ὀρτωνος
2427 1745 2518 1800 καὶ
2566 1743 2820 1819 Ἀτὲρνου
2851 1745 2880 1800 ὁ

644 1865 852 1937 Σάγρος
880 1863 1128 1937 ποταμὸς
1158 1863 1353 1938 ὁρίξων
1383 1863 1511 1927 τοὺς
1536 1861 1871 1938 Φρεντανοὺς
1891 1861 1997 1916 ἀπὸ
2017 1865 2124 1916 τῶν
2159 1857 2438 1934 Πελίγνων
2465 1862 2569 1933 (3).
2609 1852 2746 1920 Sed
2797 1858 2884 1921 ex

641 1979 761 2048 his
792 1979 1073 2049 duobus
1112 1980 1295 2050 locis
1331 1981 1514 2050 alter
1545 1981 1803 2051 merito
1833 1981 2222 2069 corruptus
2253 1977 2474 2047 fuisse
2506 1977 2882 2047 existima-

639 2106 785 2184 tur,
820 2104 1003 2173 alter
1046 2126 1261 2194 saepe
1293 2127 1678 2196 perperam
1711 2106 2237 2194 interpretatus
2268 2108 2400 2172 est.
2436 2101 2883 2172 Scholiastes

656 2229 986 2317 quidam,
1023 2250 1262 2319 neque
1292 2230 1448 2319 ipse
1488 2228 1769 2312 Strabo,
1814 2229 2006 2297 inter
2046 2229 2395 2296 Ortonam
2429 2229 2498 2295 et
2524 2228 2882 2295 Aternum
2931 2262 2942 2272 «

645 2351 1036 2423 collocavit
1073 2356 1414 2442 Sagrum,
1451 2354 1578 2444 qui
1627 2374 1883 2422 revera
1912 2353 2104 2420 inter
2136 2343 2486 2420 Ortonam
2517 2355 2588 2419 et
2640 2351 2883 2418 Histo-

643 2477 856 2546 nium
908 2478 1171 2568 (Vasto)
1216 2477 1537 2547 illabitur
1578 2478 1789 2546 mari.
1838 2477 2313 2546 Vestinorum
2366 2479 2684 2564 portum,
2731 2496 2880 2544 non

635 2602 855 2691 longe
886 2625 929 2672 a
964 2603 1309 2686 Corfinio,
1355 2603 1730 2680 Sulmone,
1784 2606 2251 2693 Superaequo
2282 2601 2635 2691 positum,
2677 2605 2887 2671 Ater-

640 2748 820 2797 num
842 2726 1121 2796 ssumen
1146 2728 1528 2816 paelignae
1552 2727 1727 2798 valli
1749 2726 2262 2797 connectebat.
2297 2726 2633 2820 Paeligni
2656 2727 2884 2816 igitur

633 2852 891 2921 eodem
917 2851 1244 2941 emporio
1287 2852 1390 2921 uti
1441 2856 1777 2942 poterant
1806 2874 1948 2943 quo
1995 2853 2276 2923 Vestini
2319 2872 2405 2922 ac
2441 2852 2875 2922 Marrucini.

638 2982 775 3046 Res
808 2976 1133 3067 quidem,
1168 2982 1417 3048 nostra
1449 2980 1837 3057 sententia,
1876 2979 2078 3049 nullo
2111 2983 2320 3068 pacto
2353 2979 2765 3069 postulabat
2800 2982 2879 3048 ut

638 3123 893 3171 eorum
935 3091 1112 3189 ager
1149 3102 1322 3171 litus
1366 3107 1724 3192 tangeret.

732 3231 829 3297 De
865 3230 1185 3317 regionis
1216 3230 1737 3320 Paelignorum
1768 3231 2108 3300 terminis
2152 3231 2556 3301 statuendis
2599 3251 2874 3319 magna

641 3356 747 3422 est
778 3354 971 3423 inter
1002 3356 1440 3423 recentiores
1471 3356 1863 3445 scriptores
1904 3356 2403 3427 controversia
2436 3355 2557 3446 (4).

727 3482 834 3551 Ad
871 3481 1252 3551 meridiem
1287 3483 1570 3561 saltem,
1610 3487 1687 3552 ut
1733 3486 1975 3555 verbis
2031 3490 2192 3554 utar
2222 3507 2407 3576 quae
2449 3485 2598 3554 iam
2631 3488 2878 3553 noster

634 3606 977 3694 Ferm'que
1025 3607 1368 3696 scripsit:
1419 3633 1451 3669 «
1511 3610 1919 3677 Marsorum
1973 3608 2646 3699 Paelignorumque
2688 3607 2874 3677 fines

637 3735 816 3803 certi
842 3738 1014 3802 sunt
1022 3785 1152 3802 .....
1184 3735 1304 3825 (5).
1324 3736 1581 3804 Fucini
1605 3737 1807 3826 regio
1830 3737 2199 3828 perpetuis
2223 3738 2593 3807 montibus
2616 3736 2873 3824 defini-

634 3865 777 3937 tur,
823 3858 1086 3948 quibus
1117 3860 1497 3948 Sagittarii
1535 3863 1972 3954 (Sayz'ttarz‘o)
2006 3863 2218 3933 vallis
2251 3884 2293 3932 a
2341 3862 2533 3932 valle
2561 3867 2598 3931 J
2608 3863 2872 3932 uvenci

699 4150 777 4222 (1)
805 4153 987 4218 Pmn„
1016 4167 1109 4221 op.
1137 4152 1255 4212 cit„
1287 4153 1380 4222 ΙΙΙ,
1413 4152 1502 4221 12,
1541 4156 1642 4221 17;
1676 4182 1744 4195 -
1775 4153 2000 4221 STRAB„
2024 4155 2090 4225 V,
2121 4169 2178 4227 p.
2210 4156 2335 4211 242.

699 4251 770 4320 (2)
801 4251 990 4315 Pron,
1024 4251 1116 4318 ΠΙ,
1153 4250 1202 4319 1,
1234 4252 1323 4306 64.

700 4351 773 4418 (3)
808 4350 1037 4414 8ΤΒΑΒ.,
1072 4349 1174 4405 loo.
1209 4352 1303 4405 cit.

690 4450 771 4521 (4)
794 4449 875 4504 Cf.
913 4450 1248 4514 Ronmanis,
1280 4451 1481 4506 Amica
1523 4457 1745 4522 topoqr.
1800 4455 2030 4510 istorica
2080 4455 2171 4511 del
2209 4471 2380 4526 regno
2409 4456 2469 4510 di
2501 4455 2723 4528 Napoli,
2756 4457 2866 4510 Na-

623 4547 759 4619 poli,
796 4551 953 4613 18¹9,
982 4552 1019 4600 t.
1054 4548 1149 4611 ΙΙΙ,
1181 4563 1292 4603 sez.
1326 4548 1415 4617 IX,
1450 4565 1576 4620 cap.
1612 4554 1666 4616 -2,
1699 4568 1756 4621 p.
1786 4552 1907 4607 129.

697 4647 775 4716 (5)
807 4646 1107 4711 Fssamoua,
1137 4644 1204 4699 de
1232 4647 1467 4715 Reqione
1496 4648 1827 4717 Marsorum,
1860 4665 1918 4720 p.
1952 4651 2038 4707 19.
