3557 5559
1463 525 1817 592 ..31-

619 725 849 796 Colles
879 718 1280 818 mollesque
1321 726 1495 797 clivi
1528 725 1794 794 vinetis
1845 723 2123 795 habiles
2193 727 2759 813 putanturesse.

532 853 831 923 Ovidius
912 853 1431 941 Paelignorum
1509 852 1794 942 opimas
1863 852 2050 921 vites
2117 851 2456 922 laudibus
2515 853 2754 921 effert:

538 985 754 1056 terra,
788 977 1052 1067 inquit,
1097 977 1328 1047 multo
1362 977 1673 1047 feracior
1721 979 1827 1045 est
1888 949 2068 1046 uvae
2122 999 2345 1065 quam
2398 981 2758 1066 segetum,

533 1106 602 1173 et
631 1102 773 1171 alio
806 1102 964 1171 loco
995 1122 1309 1192 operosos
1332 1104 1590 1172 vitibus
1620 1122 1821 1197 aqros
1853 1101 2173 1170 celebrat
2202 1103 2322 1190 (1).
2360 1105 2510 1170 Hoc
2563 1104 2766 1186 testi-

538 1229 870 1300 monium
912 1250 955 1298 a
994 1232 1087 1298 Μ.
1123 1228 1409 1298 Valerio
1459 1228 1770 1298 Martiali
1818 1228 2352 1297 confirmatur:
2409 1228 2620 1297 cuius
2682 1251 2768 1299 ex

537 1354 779 1424 verbis
855 1356 1050 1443 patet
1109 1356 1383 1423 veteres
1478 1355 1824 1444 paeligna
1879 1353 2056 1422 vina
2127 1354 2202 1422 in
2266 1374 2484 1442 parvo
2542 1356 2768 1445 pretio

416 1539 421 1543 .
540 1478 906 1547 habuisse.
944 1477 1278 1566 Paeligni
1314 1477 1673 1566 Marsique
1706 1481 1776 1546 et
1816 1476 2099 1545 Etrusci
2128 1477 2387 1547 vinum
2409 1478 2770 1549 cibarium

546 1601 937 1686 faciebant,
980 1602 1173 1691 quod
1209 1602 1597 1692 respuebat
1637 1600 2019 1671 subtilium
2061 1601 2390 1671 iudicum
2425 1602 2622 1692 gula.
2694 1608 2775 1670 ln

546 1729 1049 1799 tertiodecimo
1080 1729 1291 1817 libro,
1350 1730 1469 1798 cui
1509 1732 1897 1799 Xeniorum
1948 1729 2262 1799 inditum
2306 1734 2414 1799 est
2475 1751 2777 1815 nomen,

551 1855 902 1925 Martialis
935 1855 1185 1924 omnia
1214 1854 1466 1924 Italiae
1505 1856 1678 1924 vina
1716 1858 2143 1924 enumerat:
2181 1855 2611 1946 paelignum
2654 1879 2786 1946 pa-

551 1983 696 2052 lato
742 2003 871 2052 suo
930 1981 1255 2052 alienum
1322 1984 1476 2052 esse
1526 1984 1594 2051 et
1653 1981 1739 2050 ad
1810 1981 2239 2051 libertorum
2301 1984 2785 2053 rusticitatem

556 2109 809 2196 aptum
852 2128 868 2173 :

980 2305 1217 2362 Marsica
1245 2306 1500 2380 Paeligni
1531 2308 1771 2362 mittunt
1802 2307 2035 2362 turbata
2064 2307 2290 2375 coloni;

1088 2408 1214 2461 Non
1241 2411 1327 2473 tu,
1359 2407 1597 2462 libertus
1627 2407 1731 2462 sed
1759 2405 1921 2461 bibat
1951 2406 2047 2460 illa
2076 2411 2212 2462 tuus
2238 2407 2343 2478 (2).

648 2588 730 2653 In
759 2583 941 2653 libro
975 2583 1214 2673 primo
1249 2581 1611 2672 professus
1668 2586 1776 2651 est
1832 2604 1906 2654 se
1962 2584 2120 2654 vini
2186 2585 2787 2676 capaciSSImum,

562 2710 685 2781 sed
719 2709 979 2801 optimi
1023 2735 1038 2779 ε

985 2905 1113 2959 Non
1143 2903 1288 2959 haec
1315 2904 1597 2977 paelignis
1627 2905 1821 2977 agitur
1849 2905 2140 2962 vindemia
2168 2908 2380 2980 praelis
2404 2925 2422 2979 ;

1058 3003 1178 3057 Uva
1204 3001 1390 3057 necin
1427 3002 1596 3057 tuscis
1628 3001 1881 3057 nascitur
1910 3003 2021 3058 ista
2050 3004 2199 3077 iugis
2228 3006 2327 3078 (3).

654 3188 800 3254 Nec
860 3182 1135 3252 mirum
1192 3184 1301 3250 est
1355 3182 1432 3249 in
1491 3181 1856 3270 paelignis
1888 3183 2083 3251 arvis
2133 3204 2311 3252 uvas
2369 3185 2801 3257 deterrimae

566 3314 776 3380 notae
798 3307 1031 3395 gigni,
1059 3306 1327 3397 quippe
1358 3306 1622 3396 quibus
1652 3327 2089 3396 magnopere
2109 3313 2370 3378 noceat
2390 3311 2574 3379 caeli
2603 3334 2803 3403 aspe-

567 3437 768 3504 ritas.
813 3439 893 3502 ln
925 3435 1240 3503 Historia
1270 3435 1606 3505 Naturali
1644 3434 1935 3523 scripsit
1967 3434 2249 3504 Plinius
2280 3438 2664 3528 Paelignos
2694 3442 2803 3510 vi-

565 3567 735 3631 neta
779 3561 1021 3649 rigare
1049 3561 1182 3648 (4):
1229 3560 1353 3650 qui
1399 3580 1557 3628 mos
1590 3562 1669 3627 ut
1715 3561 1893 3630 vina
1935 3561 2196 3632 fierent
2235 3566 2611 3655 asperiora
2654 3590 2803 3639 non

570 3707 831 3776 parum
865 3683 1177 3753 addebat
1208 3684 1593 3754 momenti.
1629 3688 1895 3753 Errant
1940 3686 2137 3754 enim
2186 3686 2406 3778 longe
2445 3690 2570 3780 qui
2610 3693 2808 3761 exis-

569 3812 837 3880 timant
865 3830 1225 3900 aquarum
1279 3809 1552 3877 nimias
1598 3810 2066 3880 inductiones
2097 3814 2371 3883 vitibus
2412 3817 2749 3905 prodesse
2789 3844 2803 3904 ;

571 3936 903 4027 pampini
933 3938 1131 4004 certo
1162 3938 1233 4004 et
1266 3955 1445 4004 uvae
1485 3935 2010 4023 grandescunt,
2048 3937 2171 4006 sed
2215 3939 2575 4010 minuitur
2604 3946 2808 4014 succi

571 4065 699 4133 vis.
736 4063 1070 4153 Paeligni
1111 4064 1267 4133 vini
1301 4063 1692 4133 mediocris
1722 4063 2017 4134 habitus
2039 4066 2341 4137 vitiosae
2365 4069 2482 4139 isti
2504 4091 2809 4140 consue-

641 4313 724 4386 (1)
750 4315 927 4382 Ovm.,
959 4313 1100 4384 Am„
1130 4313 1198 4381 11,
1233 4314 1325 4382 16,
1352 4313 1444 4369 33.

643 4409 719 4482 (2)
750 4412 1046 4477 Mna-mh,
1077 4412 1215 4478 XIII,
1249 4410 1340 4467 121
1374 4426 1388 4468 :
1424 4411 1769 4482 Paeliqnum.

633 4501 723 4578 ’(3)
756 4508 920 4579 Ιόἰά.,
955 4512 998 4578 l,
1026 4508 1119 4575 27,
1152 4512 1204 4566 5.

645 4605 719 4676 (4)
752 4605 834 4662 Cf.
869 4623 1059 4678 supra,
1097 4623 1151 4680 p.
1189 4608 1274 4665 18.
