3557 5559
1151 1370 1438 1439 CAPUT
1496 1368 1987 1436 SECUNDUM

950 1756 1056 1819 De
1085 1753 1234 1819 viis
1264 1734 1592 1833 regionis
1619 1751 2172 1829 Paelignorum.

534 2218 1020 2333 Antiquarum
1052 2242 1342 2313 viarum
1385 2262 1571 2332 quae
1604 2264 1732 2333 per
1762 2242 2142 2331 regionem
2164 2239 2684 2330 Paelignorum

448 2367 868 2437 transibant
897 2370 968 2436 et
988 2386 1151 2436 eam
1183 2387 1357 2454 oum
1390 2346 1654 2437 ceteris
1675 2365 1926 2435 Italiae
1959 2365 2241 2435 mediae
2270 2364 2685 2452 regionibus

444 2494 1001 2583 coniungebant
1021 2495 1363 2564 notitiam
1384 2494 1594 2565 nobis
1616 2497 2097 2564 servaverunt
2119 2493 2439 2563 miliaria
2470 2514 2687 2583 quae-

460 2623 659 2706 dam,
693 2623 1308 2712 Itinerariumque
1337 2620 1695 2691 Antonini
1724 2622 2040 2711 Augusti
2080 2627 2151 2691 et
2187 2621 2478 2691 Tabula·
2502 2622 2683 2690 Peu-

443 2750 889 2839 tingeriana.
953 2750 1323 2821 Nonnulla
1389 2771 1636 2821 earum
1698 2753 1978 2820 'trunca
2041 2749 2355 2840 vestigia
2437 2749 2683 2820 adhue

446 2881 754 2962 exstant.

529 3008 822 3078 Valeria
849 3008 996 3088 via,
1017 3029 1145 3099 per
1175 3029 1397 3099 quam
1429 3030 1473 3077 a
1494 3012 1726 3078 Roma
1756 3009 1835 3078 in
1858 3012 2266 3077 Marsorum
2302 3009 2685 3097 Paeligno-

442 3154 755 3223 rumque
778 3134 1114 3222 regiones
1137 3133 1720 3225 perveniebatur,
1747 3133 1899 3203 sive
1931 3155 1974 3202 a
2003 3137 2097 3203 M.
2122 3133 2412 3203 Valerio
2444 3134 2681 3203 Maxi-

454 3282 602 3345 me,
622 3260 747 3351 qui
771 3280 1033 3329 censor
1053 3263 1208 3328 erat
1227 3281 1421 3329 anno
1437 3260 1752 3350 484s270,
1772 3260 1925 3330 sive
1943 3282 1986 3329 a
2002 3265 2075 3330 L.
2091 3259 2381 3329 Valerio
2400 3260 2683 3344 FlaeeO,

451 3387 575 3477 qui
616 3391 684 3456 M
725 3386 962 3458 Porcii
995 3386 1285 3456 Catonis
1316 3386 1600 3476 collega
1629 3390 1784 3457 erat
1815 3407 2014 3456 anno
2042 3388 2373 3474 568s186,
2400 3387 2689 3457 munita

447 3512 587 3580 fuit
608 3512 721 3601 (1).
748 3514 827 3579 ln
851 3510 1226 3581 Strabonis
1256 3512 1512 3601 quinto
1543 3511 2040 3591 libr0‚Tiberii
2062 3511 2421 3602 principis
2452 3515 2685 3582 aetate

446 3610 875 3726 ΟΟῙΠΡΟΒῘῐό,
908 3635 1262 3724 legimus:
1295 3647 1357 3699 Ἠ
1389 3640 1446 3697 δὲ
1493 3641 1766 3718 Οὐαλερία
1824 3642 2049 3720 ἄρχεται
2085 3644 2177 3718 μὲν
2209 3642 2317 3699 ἀπὸ
2380 3638 2681 3720 Τιὸούρων,
2710 3679 2714 3681 ⁷

447 3757 563 3835 ἄγει
595 3758 651 3815 δὲ
681 3758 767 3815 ἐπὶ
810 3758 1065 3835 Μαρσοὺς
1105 3762 1195 3815 καὶ
1235 3760 1527 3837 Κορφίνιον
1567 3762 1668 3831 τὴν
1711 3764 1820 3816 τῶν
1872 3760 2149 3835 Πελίγνων
2204 3760 2549 3836 μητρόπολιν
2583 3765 2682 3838 (2).

451 3870 522 3937 C‘.
559 3867 740 3936 Iulio
783 3866 1066 3937 Caesari
1108 3868 1183 3937 in
1218 3869 1470 3938 animo
1500 3868 1639 3937 fuit
1679 3872 1757 3937 ut
1788 3889 1952 3938 eam
1987 3890 2214 3959 usque
2245 3868 2334 3938 ad
2363 3868 2683 3937 Adriati-

446 4014 617 4062 cum
652 4014 854 4063 mare
888 3975 1356 4083 perduceret:
1406 4021 1439 4057 (ι
1474 3997 1627 4063 Iam
1677 3994 1765 4063 de
1824 3993 2154 4063 ornanda
2194 3992 2685 4064 instituenda-

449 4139 587 4209 que
629 4118 845 4204 Urbe,
879 4119 1053 4188 item
1084 4119 1172 4189 de
1200 4119 1470 4189 tuendo
1500 4119 2076 4211 ampliandoque
2108 4120 2441 4210 imperio,
2472 4120 2686 4209 plura

446 4263 534 4311 ae
569 4244 852 4312 maiora
890 4244 970 4312 in
1014 4243 1169 4313 dies
1227 4243 1722 4313 destinabat...
1771 4243 2106 4313 emittere
2164 4244 2527 4314 Fucinum
2577 4244 2682 4313 la-

446 4389 649 4454 eum,
693 4349 896 4439 viam
928 4369 1222 4439 munire
1254 4392 1299 4439 a
1341 4370 1534 4440 mari
1574 4390 1837 4460 supero
1884 4390 2013 4460 per
2050 4370 2472 4461 Appennini
2509 4370 2679 4441 dor-

519 4603 596 4675 (1)
625 4604 922 4671 Fanmena,
954 4603 1021 4660 de
1045 4603 1286 4675 Reqione
1313 4606 1644 4675 Marsorum,
1674 4621 1733 4678 p.
1764 4607 1858 4663 28.

518 4701 598 4775 (2)
632 4702 852 4772 Suum„
886 4703 950 4772 V,
979 4719 1036 4776 p.
1071 4702 1197 4761 238.
