3557 5559
1515 576 1870 645 ...73-

578 775 952 844 humanae
975 792 1090 841 res
1116 771 1534 842 moderatae
1563 771 1899 862 fuissent,
1934 796 2017 844 eo
2050 772 2203 843 nati
2228 771 2549 863 profecto
2568 774 2813 842 essent

579 903 657 969 ut
685 901 761 970 in
793 898 1230 991 paeninsula
1261 899 1762 989 principatum
1796 901 2251 971 habuissent.

668 1025 1064 1093 Emonetis
1116 1044 1298 1114 quas
1350 1025 1506 1092 Ita-li
1575 1024 2449 1115 signaveruntplurimae
2480 1028 2809 1095 servatae

580 1155 777 1221 sunt.
804 1154 1111 1225 Litteras
1142 1152 1358 1220 modo
1381 1173 1547 1221 osce
1573 1153 1787 1222 modo
1811 1152 2036 1221 latine
2055 1153 2376 1222 artifices
2408 1153 2488 1221 in
2512 1153 2599 1221 iis
2621 1152 2811 1221 inci-

578 1279 864 1348 derunt.
919 1282 1448 1368 Imperatorum
1511 1279 1844 1371 nomina*
1875 1301 2049 1347 cum
2099 1279 2322 1348 variis
2354 1279 2812 1368 imaginibus

576 1406 961 1497 insculptis
991 1406 1327 1475 videmus
1356 1406 1482 1496 (1).
1515 1406 1895 1477 Notandae
1926 1411 2099 1477 sunt
2131 1408 2490 1497 quaedam
2524 1406 2810 1496 praeci-

581 1551 721 1621 pue
743 1551 925 1620 quae
950 1529 1029 1598 in
1060 1528 1288 1598 altera
1309 1531 1511 1619 parte
1534 1530 1892 1599 muliebre
1916 1534 2137 1620 caput
2167 1531 2578 1600 laureatum
2609 1550 2811 1599 coro-

582 1661 930 1727 natumve
962 1656 1374 1725 diademate
1419 1660 1542 1726 aut
1588 1655 1988 1745 galeatum,
2024 1658 2101 1724 in
2165 1657 2393 1726 altera
2427 1655 2806 1725 sedentem

538 1772 968 1851 'mulierem
1035 1784 1161 1848 aut
1201 1779 1344 1849 alia.
1377 1784 1818 1869 argumenta
1868 1783 1938 1849 et
1975 1781 2256 1850 litteras
2308 1802 2517 1850 oscas
2562 1781 2813 1850 Vz’teliu

579 1905 691 1975 vel
741 1905 1010 1974 latinas
1061 1906 1271 1974 Italia
1305 1905 1726 1973 ostendunt.
1763 1904 2017 1974 Italiae
2044 1888 2263 1995 caput
2306 1912 2705 1974 commune
2746 1907 2816 1973 et

580 2030 1093 2121 pervulgatum
1135 2029 1310 2097 deae
1342 2033 1616 2098 Romae
1648 2029 2510 2099 simulacrumimitatur.
2550 2032 2812 2098 Utrum

585 2155 767 2225 socii
810 2175 1079 2223 novam
1130 2153 1556 2223 Italicorum
1602 2153 2161 2244 rempublicam,
2225 2174 2322 2223 an
2380 2153 2810 2233 Corfinium,

583 2303 784 2351 nunc
812 2281 1148 2349 Italicum
1169 2282 1297 2349 aut
1344 2279 1597 2349 Italica
1615 2281 1991 2360 vocatum,
2017 2280 2367 2369 effingere
2390 2279 2808 2359 voluerunt,

581 2404 954 2474 nescimus
990 2427 1005 2484 ;
1040 2404 1238 2494 prior
1268 2403 1516 2494 opinio
1544 2403 2043 2473 verisimilior.
2070 2404 2155 2472 In
2186 2409 2553 2473 Romanos
2584 2402 2814 2472 coorti

583 2549 833 2598 eorum
859 2528 1189 2616 vestigiis
1212 2527 1593 2596 humiliter
1625 2528 2251 2616 ingrediebantur.
2280 2529 2637 2598 Omnibus
2663 2549 2818 2617 pos-

585 2660 699 2725 tea
752 2656 831 2724 in
860 2655 1347 2744 tranquillum
1389 2655 1726 2735 redactiS‚
1764 2659 2096 2725 monetae
2129 2655 2360 2726 oculis
2393 2656 2663 2725 nostris
2695 2678 2817 2723 su-

581 2779 865 2851 biciunt
903 2781 1187 2849 Italiam
1214 2783 1283 2849 et
1322 2785 1631 2850 Romam
1665 2782 2201 2869 coniungentes
2233 2781 2541 2851 dextras,

671 2904 1067 2973 Marsicum
1118 2903 1395 2973 bellum
1448 2925 1675 2993 usque
1717 2905 1808 2973 ad
1842 2905 2139 2973 tertium
2173 2926 2454 2973 annum
2504 2905 2817 2994 perduc-

581 3034 738 3099 tum
774 3034 907 3115 est,
935 3051 1166 3119 neque
1190 3029 1502 3097 Romani
1544 3029 1702 3097 sine
1737 3051 2010 3117 magno
2045 3034 2314 3098 conatu
2344 3030 2815 3099 difficultates

580 3160 650 3226 et
706 3155 1032 3246 pericula
1087 3159 1642 3246 superaverunt.
1702 3155 2219 3243 Paelignorum
2299 3177 2571 3224 nomen
2651 3177 2813 3225 raro

583 3282 972 3372 scriptores
998 3280 1503 3371 pronuntiant.
1530 3281 1626 3349 Iis
1658 3303 1912 3350 revera
1934 3302 2105 3350 cum
2131 3280 2388 3350 Marsis
2411 3282 2816 3371 ceterisque

581 3406 885 3477 Sabellis
937 3408 1282 3496 antiquae
1315 3428 1582 3476 causae
1616 3407 2180 3486 necessitudinis
2213 3407 2763 3476 intercedebant
2795 3429 2812 3492 3

582 3553 834 3601 omnes
860 3532 1084 3621 igitur
1106 3533 1183 3600 in
1210 3553 1440 3601 unum
1472 3553 1762 3621 semper
1790 3532 2344 3601 consuluerunt.
2375 3536 2426 3600 E
2446 3531 2815 3620 Paelignis

582 3677 797 3724 nemo
847 3647 1295 3725 nominatim
1343 3659 1821 3741 memoratur,
1857 3656 2000 3725 nisi
2057 3655 2236 3725 forte
2293 3656 2512 3725 huius
2572 3656 2813 3746 gentis

581 3785 825 3852 essent
895 3786 971 3851 T.
1049 3782 1428 3852 Lafrenius
1500 3781 1615 3851 vel
1689 3782 2059 3860 Afranius,
2132 3785 2207 3852 G.
2280 3783 2814 3868 PraesenteiuS‚

581 3907 657 3977 C.
713 3907 1118 3990 Pontidius,
1156 3908 1282 3998 qui
1320 3909 1397 3976 in
1442 3929 1752 3977 numero
1795 3907 2211 3977 italicorum
2247 3907 2547 3985 ducum,
2586 3909 2821 3997 patria

584 4032 1127 4122 praetermissa,
1147 4034 1623 4133 reponuntur.
1643 4032 1828 4100 Livii
1843 4033 2164 4120 Epz'tome
2185 4031 2564 4100 refertSer.
2583 4032 2819 4122 Sulpi·

581 4157 779 4226 cium
817 4156 1206 4247 Paelignos
1234 4159 1505 4246 proelio
1531 4158 1799 4227 fudisse
1830 4158 1946 4249 (2).
1972 4157 2322 4236 Romanis
2346 4157 2813 4258 instantibuS,

542 4446 568 4466 ἱ
650 4379 728 4451 (1)
759 4380 842 4435 Cf.
875 4379 1145 4446 Memmia,
1186 4397 1280 4451 op.
1324 4383 1444 4449 cit„
1498 4380 1865 4451 Appendice:
1918 4380 1993 4435 les
2046 4380 2326 4437 me'dailles
2372 4381 2615 4436 italiotes
2650 4382 2715 4436 de
2765 4381 2820 4438 la

580 4495 777 4549 querre
807 4481 1014 4534 sociale
1032 4496 1055 4545 ;
1085 4510 1152 4520 —
1202 4479 1462 4548 Boupms,
1496 4481 1571 4535 les
1613 4483 1785 4551 Types
1829 4482 2156 4536 mone'laires
2184 4480 2250 4536 de
2274 4482 2329 4535 la
2370 4496 2566 4548 querre
2593 4479 2816 4548 sociale,

583 4578 758 4645 PariS‚
798 4580 931 4634 1873
957 4596 968 4645 ;
1006 4609 1070 4618 -
1103 4580 1395 4648 GARRUcm,
1429 4579 1477 4635 le
1504 4581 1717 4636 Monate
1747 4580 1878 4636 dell’
1902 4581 2075 4636 Italia
2103 4582 2313 4650 antica,
2342 4581 2548 4648 Roma,
2586 4580 2741 4635 1885.

584 4729 592 4742 .
642 4676 735 4748 Ι(2)
769 4677 915 4747 L1v.,
946 4678 1172 4739 Lxxlu,
1204 4678 1356 4748 Epic.
