3557 5559
1701 600 2051 665 —44-

758 800 986 880 verat,
1024 817 1208 886 quae
1264 798 1497 865 aetate
1555 795 1748 865 inter
1820 817 1893 865 se
1949 796 2228 867 distant
2274 797 2408 888 (1);
2471 819 2554 867 ea
2585 798 2993 867 Aufidenae

760 925 1036 1016 pariter
1102 925 1402 1014 agnovit
1456 927 1767 995 Mariani
1809 928 1929 1013 (2).
2002 925 2348 994 Homines
2404 926 2755 1015 primum,
2801 929 2998 995 terra

761 1050 1045 1134 effossa,
1099 1053 1555 1119 mortuorum
1604 1071 1909 1138 corpora
1948 1053 2017 1119 et
2047 1051 2425 1120 funebrem
2472 1051 3033 1139 supellectilem.

761 1178 900 1267 ipsi
941 1178 1168 1245 humo
1224 1177 1381 1245 sine
1443 1176 1591 1244 ulla
1659 1176 2129 1245 exornatione
2169 1178 2620 1257 inferebant;
2675 1178 2997 1247 circum·

759 1303 1138 1374 cluserunt
1178 1308 1426 1393 postea
1458 1308 1894 1372 excavatum
1927 1303 2172 1371 locum
2206 1304 2607 1392 parictibus
2638 1304 2948 1394 lapideis
2980 1327 2994 1383 ;

761 1431 1026 1522 quibus
1085 1431 1381 1499 tandem
1446 1434 1960 1499 successerunt
2015 1431 2324 1520 parietes
2382 1452 2419 1499 e
2481 1430 2747 1521 tegulis
2809 1431 2988 1500 ficti.

763 1557 1048 1625 Primae
1079 1556 1640 1645 vetustiorisque
1664 1555 1938 1623 formae
1971 1555 2307 1644 sepulcra
2329 1554 2809 1646 locupletiora
2834 1577 2993 1626 esse

763 1680 1018 1749 solent.
1055 1684 1213 1750 Non
1246 1684 1353 1750 est
1390 1680 1698 1751 dubium
1731 1681 1910 1770 quin
1951 1681 2011 1749 si
2045 1681 2279 1750 maior
2307 1681 2811 1771 sepulcrorum
2857 1704 2997 1750 nu-

757 1827 1008 1875 merus
1084 1807 1163 1875 in
1209 1805 1552 1896 paeligna
1612 1808 1913 1896 regione
1972 1809 2297 1897 repertus
2333 1807 2609 1889 fuisset,
2655 1809 2995 1878 eamdem

759 1956 1119 2025 generum
1152 1939 1712 2026 temporumque
1740 1935 2289 2004 distinctionem
2335 1940 2590 2005 notare
2639 1936 3001 2027 potuisse-

765 2083 952 2131 mus.

845 2191 1403 2262 Aufidenatium
1429 2189 1751 2281 supellex
1797 2190 2043 2259 omnis
2084 2191 2159 2258 in
2187 2190 2466 2260 urbano
2487 2190 2736 2260 Museo
2758 2213 3001 2261 asser-

756 2323 992 2390 vatur:
1018 2319 1533 2408 Paelignorum
1558 2320 1813 2387 contra
1830 2317 2104 2408 passim
2133 2317 2999 2408 dissipatur.Specimina

757 2442 1032 2532 aliquot
1063 2442 1282 2512 habet
1311 2446 1583 2510 Romae
1608 2440 2229 2510 Praehistoricum
2254 2441 2833 2531 Museum,plura
2864 2449 2995 2510 Au·

758 2564 1045 2637 fidenae
1063 2567 1426 2636 urbanum
1453 2570 2029 2649 Museum,arma
2053 2565 2336 2633 scilicet
2357 2565 2991 2656 instrumentaque

755 2705 950 2797 apud
994 2700 1385 2772 Betifulum
1431 2702 1714 2791 reperta
1735 2699 1852 2791 (3),
1908 2699 2228 2790 plurima
2268 2698 2582 2790 denique
2635 2700 2987 2770 Sulmone

626 2834 630 2839 ’
749 2850 1062 2923 parvum
1096 2831 1431 2896 Museum
1464 2847 1505 2894 a
1551 2823 2161 2893 Sulmonensibus
2206 2824 2516 2914 superbe
2549 2824 2992 2913 Paelignum

751 2961 1084 3026 Museum
1119 2953 1655 3037 nuncupat-um,
1695 2948 1818 3019 ubi
1858 2969 2074 3037 aegre
2112 2948 2435 3037 diligens
2467 2969 2710 3018 rerum
2743 2949 2992 3020 distri-

750 3082 949 3155 butio
979 3081 1455 3167 locorumque
1498 3097 1535 3143 e
1566 3075 1832 3165 quibus
1866 3096 1977 3143 res
2009 3075 2209 3163 ipsae
2241 3072 2524 3142 ablatae
2555 3073 2853 3143 fuerunt
2883 3075 2994 3143 in·

749 3212 1020 3282 dicatio
1051 3209 1584 3280 desiderantur.
2459 3205 2462 3208 ’

844 3341 895 3404 Ε
960 3336 1176 3412 vasis,
1227 3333 1709 3418 ornamentiS,
1766 3328 1994 3399 armis
2077 3323 2581 3415 sepulcrorum
2662 3323 2992 3413 supellex

752 3464 1061 3533 constat.

840 3588 944 3657 Ad
972 3589 1426 3656 mortuorum
1449 3584 1639 3655 latus
1668 3586 1847 3652 tunc
1878 3576 2429 3649 collocabantur
2451 3575 2661 3659 ollae,
2686 3578 2983 3665 paterae

754 3713 1124 3786 alimentis
1149 3712 1480 3795 refertae,
1505 3706 1794 3800 pocula,
1829 3726 2082 3781 urnae,
2114 3702 2290 3793 quia
2322 3699 2590 3768 mortui
2624 3698 2982 3787 putaban-

754 3850 872 3915 tur
904 3843 1117 3913 donis
1158 3840 1487 3930 cibisque
1533 3858 1766 3927 egere.
1820 3839 2031 3904 Hunc
2071 3851 2353 3901 morem
2389 3828 2720 3916 Paeligni
2756 3850 2985 3916 usque
3049 3869 3052 3872 -

751 3974 833 4043 in
859 3992 1243 4041 romanam
1279 3970 1590 4039 aetatem
1623 3966 1739 4057 pie
1771 3947 2271 4033 servaverunt.
2299 3957 2498 4027 Ollae
2529 3955 2730 4026 enim
2763 3958 2831 4024 et
2855 3978 2983 4045 pa-

752 4103 950 4168 terae
994 4095 1084 4165 ad
1134 4093 1477 4166 funebres
1516 4092 1715 4161 cibos
1744 4086 2211 4178 accipiendos
2244 4083 2648 4153 destinatae
2680 4079 2993 4149 Corfinii

756 4235 831 4304 in
882 4218 1735 4314 sepulcrisimperatoria
1766 4218 1997 4288 aetate
2035 4210 2420 4283 exstructis
2460 4209 2788 4296 repertae
2837 4206 2992 4275 fue-

836 4505 914 4578 (1)
943 4505 1066 4560 Von
1096 4502 1275 4569 Dmm,
1308 4499 1539 4554 Bullett.
1575 4498 1702 4554 dell’
1728 4498 1895 4562 Inst.‚
1928 4493 2085 4560 1878,
2115 4509 2172 4563 p.
2211 4489 2345 4556 1493
2382 4488 2537 4547 1879,
2569 4502 2627 4557 p.
2656 4486 2773 4542 152.
2867 4575 2870 4578 Ι

831 4602 918 4672 (2)
948 4600 1008 4654 L.
1042 4600 1311 4665 MARum,
1341 4612 1433 4668 op.
1467 4599 1583 4664 cit„
1617 4612 1675 4668 p.
1709 4595 1831 4650 380.

842 4697 921 4770 (3)
952 4697 1127 4751 Notiz.
1160 4693 1215 4748 d.
1246 4693 1424 4762 Seavi,
1458 4696 1611 4756 1898,
1647 4712 1704 4767 p.
1736 4692 1877 4760 4283
1911 4721 1980 4731 —
2010 4689 2073 4745 L.
2106 4688 2369 4754 Minium,
2399 4699 2490 4754 op.
2522 4683 2640 4749 cit„
2673 4696 2729 4751 p.
2762 4683 2883 4736 374.
