3557 5559
1643 539 1994 605 -94-

715 735 919 805 mina
983 737 1271 806 tantum
1319 714 1733 827 aliquo—rum
1771 736 2287 826 Paelignorum
2345 735 2557 807 nobis
2613 734 2946 808 servave-

712 863 925 949 runt3
960 859 1524 930 similitudinem
1557 860 1834 932 habent
1862 860 2236 932 titulorum
2294 861 2614 932 eiusdem
2658 861 2949 951 generis

710 983 1182 1076 eiusdemque
1217 985 1566 1076 temporis
1597 985 1672 1055 in
1712 986 2060 1057 omnibus
2107 985 2399 1077 imperii
2456 972 2746 1056 romani
2787 1006 2949 1076 pro-

708 1108 976 1178 vinciis
1023 1111 1517 1181 inventorum.
1589 1112 2111 1182 Sulmonenses
2169 1111 2794 1201 corfiniensesque
2843 1114 2950 1179 tu-

709 1231 891 1302 muli
923 1255 1159 1325 nuper
1188 1235 1430 1305 effossi
1459 1238 1631 1306 sunt
1656 1236 1788 1328 (1).
1827 1241 2090 1306 Eorum
2132 1236 2484 1327 supellex,
2521 1237 2597 1304 in
2632 1234 2946 1326 publicis

710 1360 977 1428 Museis
1009 1381 1212 1430 nunc
1244 1361 1641 1452 deposituS,
1668 1383 1754 1431 ex
1786 1363 2031 1431 aeneis
2056 1361 2550 1451 fictilibusque
2577 1361 2798 1443 vasis,
2832 1380 2946 1427 ar-

710 1483 879 1568 mis,
951 1487 1432 1571 ornamentis,
1488 1486 1767 1557 votivis·
1810 1485 2100 1576 sigillis,
2180 1485 2605 1556 domesticis
2682 1485 2946 1552 instru-

711 1609 974 1678 mentis
1003 1612 1315 1689 constat,
1351 1609 1560 1700 parvi
1587 1608 1796 1698 pretii
1827 1608 2066 1694 rebuS,
2094 1629 2278 1698 quae
2310 1608 2591 1677 nullam
2629 1605 2946 1698 peculia-

710 1760 863 1808 rem
893 1728 1717 1826 insolitamvefspeciem
1750 1740 1876 1805 aut
1907 1736 2219 1805 formam
2253 1734 2671 1805 ostendunt.

800 1880 1371 1949 Procedentibus
1395 1878 1733 1957 saeculis,
1762 1878 1838 1946 in
1870 1876 2076 1947 ltalia
2103 1876 2500 1946 divisiones
2533 1899 2763 1946 novae
2786 1877 2947 1945 des-

707 2005 1052 2097 criptioni
1090 2010 1502 2094 Augusteae
1534 2004 1904 2074 subiectae
1935 2004 2270 2073 fuerunt:
2301 2010 2367 2073 Μ
2437 2003 2772 2073 Aurelius
2800 2007 2945 2071 An-

706 2133 1006 2202 toninus
1047 2132 1397 2201 iuridicos
1429 2133 1771 2222 quattuor
1803 2130 2141 2208 instituit,
2206 2133 2284 2198 ut
2315 2130 2586 2199 iudicia
2621 2150 2749 2220 per
2787 2150 2948 2219 pae-

713 2262 1090 2330 ninsulam
1123 2264 1570 2331 exercerent.
1609 2261 1917 2339 Quartae
1954 2259 2259 2347 regioni,
2313 2260 2434 2328 oui
2496 2259 2638 2327 iam
2677 2277 2944 2325 nomen

716 2388 967 2456 Piceni
1018 2408 1231 2477 saepe
1269 2386 1510 2471 datur,
1556 2386 1770 2455 modo
1813 2385 2169 2453 iuridicus
2210 2384 2610 2479 Flaminiae
2651 2387 2721 2452 et
2777 2386 2946 2451 Um-

707 2516 933 2599 briae,
972 2515 1183 2584 modo
1207 2515 1563 2583 iuridicus
1592 2512 1898 2604 Apuliae
1928 2512 2499 2603 praeficitur(2).

798 2663 1030 2730 Tertio
1073 2682 1140 2749 p.
1177 2664 1251 2729 C.
1290 2684 1362 2729 n.
1409 2660 1725 2744 saeculo,
1763 2661 2184 2750 provincias
2241 2664 2399 2729 octo
2476 2659 2686 2729 Italia
2750 2679 2947 2728 com-

710 2785 1119 2876 prehendit.
1165 2788 1457 2869 Quarta,
1495 2806 1679 2875 quae
1706 2787 2066 2855 Flaminia
2115 2796 2180 2856 et
2222 2788 2570 2856 Picenum
2614 2787 2941 2865 vocatur,

660 2915 667 2920 ’
708 2913 780 2979 et
811 2909 1158 2998 gallicum
1196 2931 1458 2999 agrum
1493 2910 1683 2980 inter
1719 2912 2197 3002 Apenninum
2234 2917 2558 2982 montem
2592 2916 2661 2980 et
2697 2910 2946 2979 Adria·

706 3034 935 3104 ticum
980 3056 1209 3114 mare,
1242 3037 1313 3104 et
1341 3033 1700 3105 Picenum
1731 3056 2201 3124 germanum,
2245 3040 2315 3105 et
2353 3036 2618 3106 veteris
2641 3038 2944 3126 quartae

706 3157 1029 3247 regionis
1071 3180 1240 3248 pars
1299 3159 1888 3247 septentrionalis
1946 3159 2253 3249 (Sabini,
2315 3160 2622 3245 Vestini,
2692 3160 2941 3245 Marsi,

710 3282 1071 3372 Paeligni)
1097 3283 1572 3360 continentur
1588 3285 1701 3373 (3).
1723 3287 1917 3353 Haec
1937 3283 2337 3374 provincia,
2355 3288 2609 3373 quarto
2622 3283 2940 3369 saecule,

707 3407 786 3475 in
814 3407 994 3475 duas
1033 3406 1431 3492 dirimitur,
1461 3407 1862 3493 Valeriam,
1906 3429 2093 3498 quae
2133 3430 2404 3478 nomen
2472 3430 2688 3478 suum
2744 3430 2780 3476 e
2810 3411 2944 3478 Va-

707 3532 889 3601 leria
921 3533 1038 3604 via
1072 3532 1293 3623 capit,
1329 3538 1399 3603 et
1431 3533 1820 3604 Samnium
1857 3537 1977 3624 (4).
2005 3535 2334 3625 Paeligni
2360 3536 2438 3604 in
2469 3536 2811 3606 extremis
2835 3536 2944 3604 al-

709 3661 1055 3730 terutrius
1124 3660 1392 3730 finibus
1446 3662 1898 3732 habitabant.
1949 3667 2153 3734 Liber
2210 3667 2643 3734 coloniarum
2720 3663 2941 3733 Corfi-

707 3785 947 3870 nium,
1012 3784 1437 3855 Sulmonem
1500 3789 1570 3857 et
1608 3790 2155 3879 Superaequum
2222 3788 2579 3872 Valeriae,
2647 3789 2937 3871 Piceno,

779 4063 856 4137 (1)
884 4060 965 4120 Cf.
998 4062 1176 4121 Notiz.
1207 4062 1262 4123 d.
1294 4064 1477 4138 Scavi,
1509 4065 1644 4123 locis
1674 4065 1864 4150 citatis
1893 4067 2070 4136 infra,
2103 4085 2159 4140 p.
2195 4068 2297 4124 114
2325 4084 2452 4141 sqq.

776 4182 856 4255 (2)
883 4182 1130 4252 JULL1AN,
1194 4199 1285 4253 op.
1345 4185 1462 4253 cit„
1518 4200 1574 4255 p.
1640 4184 1891 4241 131-133.
1943 4216 2010 4226 --
2058 4184 2140 4240 Cf.
2192 4186 2252 4242 C.
2303 4189 2344 4242 I.
2397 4186 2482 4252 L.,
2532 4188 2598 4252 ΙΙ,
2630 4187 2812 4256 2634;
2846 4185 2938 4256 VI,

710 4280 866 4351 1511,
900 4286 1009 4337 etc.

777 4397 857 4470 (3)
886 4397 1130 4467 Ιυιιυω,
1161 4413 1254 4468 op.
1285 4401 1404 4467 cit„
1428 4417 1485 4471 p.
1522 4401 1643 4457 173.

777 4514 859 4586 (4)
886 4515 1142 4583 JULLIAN,
1189 4531 1280 4585 op.
1325 4518 1444 4582 cit„
1494 4531 1549 4586 p.
1604 4519 1731 4572 207.
1765 4545 1834 4559 —·
1866 4518 2077 4573 Notitia
2123 4518 2478 4590 diqnitatum,
2510 4520 2597 4574 ed.
2636 4522 2698 4575 Ο.
2736 4522 2935 4592 Seeck,

708 4630 765 4688 p.
804 4616 923 4686 106,
961 4617 1084 4686 109,
1113 4617 1214 4673 163
1242 4634 1256 4686 ;
1288 4648 1357 4659 --
1389 4619 1712 4676 Laterculus
1745 4620 1971 4676 Polemii
2000 4619 2177 4690 silvii,
2219 4623 2377 4693 ibid„
2411 4640 2465 4695 p.
2497 4624 2763 4679 254-255.
