3557 5559
1368 1116 1583 1172 INDEX
1621 1117 1922 1172 CAPITUM

597 1422 1027 1477 Bmmomnpmi
1049 1459 1632 1477 .......
1654 1476 1659 1477 ff
1713 1462 1728 1476 .
1810 1464 1824 1478 .
1867 1414 1870 1417 ’
1906 1461 2588 1480 ........
2735 1428 2767 1480 7

595 1560 927 1616 Pnoomutm
954 1597 2584 1617 ..................
2731 1564 2765 1616 9

657 1739 801 1792 PARS
834 1741 1032 1794 Pium.
1073 1767 1142 1777 -
1170 1737 1438 1792 REGIONIS
1476 1738 1875 1792 PAELIGNORUM
1910 1753 2285 1794 GEOGRAPBICA
2323 1755 2635 1796 DESCRIPTIO

525 1915 711 1985 Caput
738 1914 1019 1968 Primum.
1047 1945 1117 1955 —-
1148 1915 1226 1970 De
1259 1913 1510 1987 regionis
1538 1913 1653 1969 situ
1715 1954 2585 1974 ..........
2702 1917 2760 1971 11

525 2010 711 2083 Caput
742 2011 1092 2066 Secundum.
1124 2042 1194 2054 —
1224 2012 1304 2066 De
1330 2011 1498 2082 aquis
1530 2017 1587 2067 et
1623 2010 1921 2066 montibus
1998 2051 2584 2069 .......
2705 2016 2771 2068 15

523 2109 711 2182 Caput
740 2108 1015 2164 Tertium.
1041 2138 1109 2150 —
1138 2109 1218 2164 De
1247 2108 1388 2163 caeli
1410 2109 1675 2164 moribus
1704 2115 2007 2180 terraeque
2037 2108 2300 2181 frugibus
2377 2150 2392 2165 .
2470 2151 2485 2166 .
2572 2151 2587 2166 .
2700 2113 2770 2167 25

1011 2397 1157 2451 PARS
1191 2397 1458 2452 SECUNDA.
1490 2425 1560 2436 -·
1595 2397 1996 2452 PAEmGNoRUM
2036 2410 2288 2451 HISTORIA

526 2600 710 2672 Caput
737 2599 1215 2666 Primum.-Qui
1244 2597 1458 2654 fuerint
1485 2583 1743 2672 Paeligni
1772 2599 2177 2671 praeromanis
2206 2600 2589 2672 temporibus.
2702 2604 2770 2658 35

528 2699 713 2771 Caput
743 2699 1096 2755 Secundum.
1127 2727 1198 2740 —
1225 2699 1305 2753 De
1351 2697 1765 2771 Paelignorum
1797 2715 1931 2754 eum
1975 2698 2157 2756 libera
2187 2701 2586 2756 Romanorum

596 2796 890 2870 republica
917 2794 1381 2853 contentionibus
1402 2801 1459 2853 et
1489 2795 1765 2853 societate
1804 2837 2583 2856 .........
2698 2802 2765 2855 59

528 2893 712 2966 Caput
735 2894 1007 2950 Tertium.
1038 2924 1108 2937 -
1138 2895 1216 2949 De
1266 2893 1672 2966 Paelignorum
1703 2893 1938 2966 regione
1967 2907 2350 2951 romanorum
2381 2894 2593 2968 prinei-

597 3008 739 3063 pum
770 2991 1128 3063 temporibus
1145 3031 2582 3051 ................
2694 2995 2762 3049 83

668 3284 815 3337 PARS
844 3280 1070 3336 Tnnru.
1103 3311 1173 3321 —-
1203 3280 1470 3337 Rssmoms
1508 3282 1907 3338 PAEmGNonun
1943 3298 2180 3345 Ais-nom
2221 3299 2644 3342 monoculum

530 3495 717 3566 Caput
743 3491 1026 3549 Primum.
1063 3523 1134 3533 —·
1161 3492 1240 3548 De
1272 3491 1482 3548 finibus
1510 3491 1767 3565 regionis
1800 3490 2208 3566 Paelignorum
2298 3534 2313 3549 .
2389 3534 2403 3549 .
2485 3533 2498 3549 .
2578 3531 2595 3550 .
2675 3492 2771 3549 101

529 3594 714 3665 Caput
739 3591 1086 3648 Secundum.
1116 3622 1186 3632 —-
1214 3592 1293 3647 De
1326 3589 1430 3647 viis
1448 3589 1705 3664 regionis
1736 3591 2147 3664 Paelignorum
2194 3631 2594 3651 .....
2674 3592 2775 3647 107

530 3691 716 3763 Caput
744 3688 1022 3746 Tertium.
1056 3720 1126 3730 —-
1157 3690 1233 3745 De
1264 3688 1667 3761 Paelignorum
1697 3689 2024 3746 civitatibus
2061 3695 2118 3747 et
2138 3689 2307 3764 pagis
2385 3730 2402 3747 .
2483 3730 2500 3749 .
2579 3728 2597 3746 .
2675 3691 2778 3747 114

534 3852 834 3909 CONCLusio
876 3887 1553 3905 ........
1631 3928 1637 3933 .
1635 3890 2029 3908 .....
2095 3933 2098 3934 ⁷
2108 3887 2599 3909 ......
2677 3849 2777 3905 128

1324 4122 1535 4178 INDEX
1572 4122 1996 4179 TABULARUM

540 4341 979 4400 Corfiniensium
1011 4340 1381 4397 effossionum
1411 4339 1607 4412 imago
1637 4380 2601 4398 ...........
2651 4328 2779 4398 ’119

539 4442 717 4516 Regio
745 4441 1146 4514 Paelignorum
1227 4474 2477 4497 ..............
2554 4440 2617 4493 In
2645 4438 2779 4496 fine.

885 4706 1301 4763 Satnt-Amand
1332 4706 1544 4777 (Cher).
1575 4738 1642 4745 —
1673 4705 2041 4779 imprimerie
2071 4691 2438 4762 BUSSIERE.
