3557 5559
1514 505 1870 576 -63-

665 702 853 772 Hinc
886 702 1034 772 iam
1077 702 1149 771 in
1183 702 1390 773 Italia
1421 704 1565 773 tria
1597 704 1983 774 hominum
2019 723 2291 791 genera
2347 701 2751 791 reperimus
2786 724 2802 769 z

576 826 773 897 cives
820 847 1191 911 romanos,
1251 828 1578 913 LatinoS‚
1631 827 2054 911 foederatoS,
2107 847 2419 916 quorum
2469 846 2618 894 non
2678 845 2812 915 par

578 952 916 1023 condicio
948 953 1067 1043 (1).
1104 953 1333 1022 Sociis
1365 953 1517 1022 suis
1556 954 1934 1042 pactiones
1993 955 2064 1022 et
2109 952 2520 1021 amicitiam
2580 957 2814 1020 Roma

577 1079 803 1180 armis
834 1077 1208 1169 imposuit.
1272 1079 1580 1148 Romani
1611 1078 1745 1148 soli
1780 1079 2082 1167 plenum
2143 1081 2212 1146 et
2268 1078 2641 1167 integrum
2701 1078 2815 1146 ius
2871 1158 2874 1159 ⁷

579 1206 825 1289 civile,
851 1207 1278 1283 conubium,
1349 1207 1917 1292 commercium,
1981 1205 2163 1294 legis
2218 1206 2570 1291 actioneS,
2639 1225 2812 1277 cum

581 1332 909 1420 suffragii
943 1333 1454 1423 honorumque
1487 1333 1669 1416 iure,
1706 1333 2091 1421 usurpant.
2127 1331 2389 1415 Latini,
2423 1331 2686 1401 ceteris
2718 1330 2818 1400 ci-

578 1456 785 1527 vium
824 1458 1354 1547 praerogativis
1385 1456 1689 1536 exclusi,
1723 1456 2024 1526 conubii
2048 1455 2625 1546 commerciique
2656 1455 2818 1524 iure

580 1585 949 1653 fruuntur.
992 1586 1174 1652 Cum
1238 1583 1554 1673 singulis
1595 1581 1981 1652 foederatis
2040 1581 2327 1672 populis
2394 1580 2819 1651 intercesse-

582 1711 752 1778 rant
789 1707 1190 1799 peculiaria
1237 1711 1474 1799 pacta,
1512 1710 1637 1777 aut
1687 1730 1944 1798 aequa,
1993 1710 2119 1777 aut
2171 1708 2452 1798 iniqua,
2506 1725 2821 1798 quorum

580 1836 894 1904 formula
924 1857 1052 1925 pro
1083 1836 1537 1925 temporibus
1569 1838 1638 1904 et
1669 1817 2326 1903 circumstantibus
2353 1835 2565 1904 rebus
2587 1834 2820 1908 diver-

585 1962 686 2030 sis
728 1962 966 2031 modis
1007 1963 1327 2051 perfecta
1356 1962 1810 2034 est.Romani
1845 1962 1977 2030 hos
2008 1961 2311 2051 populos
2336 1966 2540 2033 extra
2562 1965 2827 2038 civita-

587 2090 738 2156 tem
771 2088 931 2156 sine
963 2088 1109 2157 ullo
1139 2090 1718 2178 temperamento
1753 2088 2163 2157 continent.
2190 2089 2709 2180 Unusquisque
2734 2094 2834 2164 le·

591 2235 717 2302 ges
741 2234 912 2296 suas
942 2217 1184 2283 servat
1226 2213 1661 2305 propriaque
1711 2213 1899 2294 iura,
1934 2213 2058 2282 sed
2098 2211 2502 2283 victoribus
2532 2217 2825 2304 cogitur

591 2358 965 2407 summam
1002 2336 1537 2406 oboedientiam
1585 2341 1657 2405 et
1702 2357 1920 2405 omne
1961 2336 2393 2425 obsequium
2426 2343 2825 2427 praestare.

587 2468 670 2533 In
694 2463 880 2532 bello
907 2464 1335 2553 praesertim
1367 2462 1723 2533 libertatis
1744 2462 2154 2532 deminutio
2180 2466 2428 2552 aperte
2450 2468 2668 2554 patet.
2700 2469 2830 2536 Mi-

584 2588 822 2657 litiam
854 2589 1120 2658 debent
1146 2590 1517 2670 foederati,
1554 2611 1702 2658 non
1735 2590 1815 2658 in
1854 2589 2291 2679 legionibus,
2328 2612 2365 2660 e
2397 2591 2686 2662 civibus
2717 2616 2836 2663 ro-

589 2717 830 2785 manis
864 2716 1081 2786 unice
1111 2714 1468 2802 collectiS,
1502 2715 1625 2786 sed
1668 2716 1746 2784 in
1770 2714 2067 2787 auxiliis
2092 2738 2107 2800 ;
2137 2716 2468 2807 peditum
2495 2719 2834 2790 cohortes

591 2846 1103 2932 equestresque
1126 2842 1280 2911 alas
1311 2842 1652 2912 consules
1685 2841 2078 2912 dilectibus
2107 2844 2450 2933 supplent
2486 2870 2501 2925 ς
2529 2845 2663 2916 sub
2704 2846 2838 2916 im-

593 2970 877 3061 perium
921 2991 1315 3040 romanum
1347 2970 1528 3040 socii
1554 2991 1628 3039 se
1660 2969 2128 3040 submittunt.

683 3100 995 3166 Senatus
1024 3091 1482 3187 populusque
1506 3117 1856 3166 romanus
1889 3096 2028 3165 hoc
2062 3096 2201 3165 sibi
2233 3097 2546 3188 sumpsit
2598 3102 2673 3169 ut
2691 3102 2839 3168 Ita-

576 3224 771 3312 liam
804 3227 1037 3295 totam
1064 3225 1134 3292 et
1164 3226 1412 3313 postea
1451 3244 1708 3293 omnes
1739 3222 1941 3292 circa
1991 3223 2605 3293 Mediterraneum
2632 3246 2838 3295 mare

595 3354 825 3421 terras
849 3350 1335 3441 perdomaret.
1370 3349 1644 3419 Acerbe
1676 3349 1913 3437 exegit
1949 3348 2253 3418 militiae
2278 3350 2558 3421 munia.
2599 3351 2842 3420 Paeli-

597 3477 728 3565 gni
790 3477 1217 3568 saepissime
1274 3475 1464 3545 inter
1520 3475 1795 3545 auxilia
1850 3474 2251 3565 conscripti
2305 3480 2502 3548 sunt.
2547 3480 2839 3548 Veteres

599 3605 990 3693 scriptores
1030 3624 1149 3673 eos
1191 3624 1363 3672 cum
1392 3601 1668 3671 vicinis.
1691 3601 2403 3693 consanguineisque
2425 3604 2671 3673 Italiae
2697 3626 2841 3674 me-

597 3733 757 3802 diae
789 3730 1132 3821 gentibus
1159 3730 1352 3799 inter
1373 3730 1676 3820 populos
1698 3750 2172 3799 romanarum
2197 3750 2446 3799 rerum
2468 3735 2839 3801 consortes

602 3862 670 3928 et
700 3857 1094 3948 participes
1128 3857 1547 3925 numerant.
1572 3859 1843 3924 Locum
1875 3858 2225 3925 truncum
2257 3876 2344 3926 ex
2378 3857 2609 3925 Ennio
2632 3861 2841 3946 poeta

602 4004 826 4074 supra
852 3981 1238 4053 retulimus
1260 3984 1387 4072 qui
1414 4001 1734 4051 marsam
1770 4002 2100 4065 manum,
2126 3981 2551 4071 paelignam
2580 3981 2840 4051 cohor-

605 4113 775 4186 tem,
811 4107 1179 4178 vestinam
1209 4105 1362 4175 vim
1403 4109 1939 4176 commemorat
1965 4106 2089 4196 (2).
2124 4109 2305 4176 Cum
2362 4106 2686 4197 Pyrrhus
2717 4128 2844 4177 rex

607 4234 794 4304 bello
841 4238 1147 4303 Romam
1200 4234 1496 4322 peteret,
1550 4231 1886 4320 Paeligni
1929 4232 2297 4302 adversus
2362 4254 2530 4303 eum
2578 4232 2842 4304 ceteris

680 4413 994 4485 (1)N1ss1m‚
1037 4412 1293 4468 Italische
1340 4412 1760 4479 Laudeskunde,
1809 4418 1852 4469 t.
1900 4414 1944 4483 Ι,
1987 4430 2050 4486 p.
2095 4414 2199 4482 68;
2233 4443 2302 4456 —·
2334 4414 2567 4485 Ennoea,
2598 4415 2697 4472 der
2727 4418 2841 4473 lta-

612 4511 774 4567 Iische
803 4511 982 4565 Bund.

683 4611 759 4681 (2)
791 4611 1009 4676 Eumne,
1041 4611 1217 4678 Ami„
1249 4627 1304 4665 v.
1337 4613 1440 4667 532
1467 4609 1580 4682 (ed.
1613 4613 1674 4666 L.
1705 4611 1948 4686 Milller).
