3557 5559
1636 562 1994 628 -93-

698 760 805 829 est
828 757 963 847 (1);
994 781 1023 819 »
1060 756 1294 824 totam
1318 752 1775 844 provinciam
1795 752 2247 839 christianus
2270 753 2582 845 populus
2604 753 2936 845 replevit.

698 886 907 951 Nunc
945 880 1334 969 antiquum
1403 877 1700 947 Corfinii
1733 877 1955 947 situm
2001 899 2233 968 pagus
2285 882 2609 949 Pentz’ma
2653 901 2941 950 nuncu-

694 1013 906 1101 patus
940 1007 1241 1087 obtinet,
1285 1005 1740 1095 ecclesiaque
1772 1008 1839 1073 S.
1871 1005 2104 1074 Pelini
2136 1006 2378 1075 adhuc
2405 1010 2661 1075 exstat.

781 1134 1026 1204 Vitam
1099 1131 1440 1221 martyris
1490 1130 1698 1199 valde
1746 1132 2165 1220 suspectam
2215 1130 2645 1200 habeamus.
2682 1132 2933 1201 Sancti

697 1259 959 1338 pelini,
987 1257 1275 1347 patroni
1300 1256 1845 1343 Paelignorum,
1867 1257 2473 1326 commemoratio
2497 1259 2931 1326 memoriam

693 1383 871 1451 deae
899 1380 1211 1462 Pelinae,
1252 1379 1600 1458 fautricis,
1630 1378 2019 1469 paelignae
2041 1379 2306 1467 gentiS‚
2337 1379 2575 1469 refert.
2603 1379 2932 1447 Iulianus

696 1528 908 1598 porro
950 1505 1084 1574 sub
1134 1504 1554 1595 principatu
1601 1525 1731 1573 suo
1782 1525 2154 1594 nunquam
2211 1510 2484 1573 Romae
2517 1525 2932 1573 commora-

696 1634 814 1699 tus
847 1634 977 1698 est.
1021 1631 1354 1696 Ceterum
1388 1648 1425 1694 e
1455 1627 1681 1697 variis
1713 1627 1790 1694 in
1836 1627 2070 1696 medio
2103 1648 2280 1696 aevo
2311 1627 2754 1716 conscriptis
2803 1627 2936 1696 do-

701 1755 1073 1825 cumentis
1133 1755 1435 1843 apparet
1462 1752 1866 1820 Corfinium
1904 1752 2262 1842 paulatim
2311 1756 2378 1822 et
2439 1775 2625 1835 sero,
2688 1775 2933 1843 neque

702 1902 848 1949 uno
873 1880 1021 1948 ictu
1057 1899 1184 1969 per
1231 1878 1381 1946 vim
1425 1880 1494 1946 et
1532 1876 1991 1962 violentiam,
2027 1878 2323 1967 periisse
2356 1879 2478 1968 (2).
2502 1878 2936 1947 Subditiciis

701 2005 929 2094 igitur
960 2007 1036 2072 B.
1074 2002 1306 2072 Pelini
1340 2001 1574 2071 Gestis
1606 2001 1792 2070 nihil
1826 2002 2014 2070 inest
2046 2002 2527 2071 auctoritatis,

786 2127 1134 2208 Quamvis
1166 2129 1398 2196 aetate
1421 2125 1828 2193 christiana
1852 2126 1994 2194 fere
2016 2146 2493 2216 unaquaeque
2519 2126 2934 2215 priscarum

654 2318 657 2321 ,
697 2255 1079 2325 civitatum
1147 2253 1499 2322 dioecesis
1547 2252 1740 2321 facta
1783 2253 1896 2331 sit,
1950 2252 2236 2321 nullum
2297 2274 2938 2344 superaequanum

703 2383 1129 2472 episcopum
1185 2380 1617 2469 reperimus».
1680 2377 2047 2447 Palladius
2097 2380 2424 2469 quidam,
2486 2380 2943 2469 «episcopus

702 2507 1054 2577 ecclesiae
1088 2506 1628 2574 sulmonitanae
1664 2525 1945 2587 »,anno
1985 2508 2116 2573 399
2150 2527 2452 2574 romano
2493 2506 2811 2574 concilio
2835 2508 2942 2573 in-

702 2632 950 2701 terfuit
980 2631 1095 2719 (3).
1133 2629 1264 2698 Sed
1301 2633 1547 2718 postea
1579 2631 1727 2697 tota
1760 2628 2277 2717 Paelignorum
2313 2631 2515 2718 regio
2538 2631 2941 2699 dioecesim

703 2776 932 2826 unam
988 2754 1386 2831 constituit,
1433 2752 1856 2822 valvensem
1907 2757 2412 2844 nuncupatam
2454 2754 2579 2844 (4).
2617 2753 2932 2824 Subobs-

705 2902 884 2952 cura
916 2884 1023 2948 est
1071 2880 1276 2967 origo
1325 2878 1541 2948 huius
1591 2878 1942 2961 nominiS,
1987 2879 2177 2969 quod
2229 2901 2374 2948 non
2428 2881 2508 2948 in
2557 2881 2968 2974 civitatem*

703 3028 930 3076 unam
965 3006 1088 3074 sed
1124 3006 1199 3073 in
1244 3005 1665 3074 universam
1718 3004 2096 3092 regionem
2157 3004 2545 3074 ceciderat.
2589 3009 2818 3088 Forte,
2858 3010 2937 3074 ut

703 3132 804 3201 ait
851 3131 1172 3200 Leandro
1218 3130 1511 3210 filberti,
1574 3155 1602 3192 «
1649 3130 1929 3196 tractus
1982 3129 2225 3197 omnis
2273 3129 2502 3198 Valva
2561 3132 2946 3219 propterea

700 3258 943 3327 dictus
1002 3261 1134 3340 est,
1189 3256 1379 3346 quod
1439 3277 1570 3344 per
1638 3254 2123 3341 paucissimas
2192 3259 2481 3327 tantum
2551 3257 2941 3345 angustias

704 3382 982 3451 aditum
1021 3379 1387 3472 praebeat,
1422 3383 1778 3469 tanquam
1804 3399 1931 3467 per
1961 3380 2168 3462 ostia,
2204 3401 2392 3469 quae
2419 3381 2701 3450 Latinis
2724 3380 2946 3451 etiam
3029 3392 3034 3396 ’

704 3506 957 3577 valvae
995 3506 1392 3574 dicuntur:
1439 3504 1743 3594 ideoque
1794 3503 2167 3594 deperdito
2210 3505 2515 3575 nomine
2550 3507 2951 3595 Paeligno—

776 3743 859 3814 (1)
886 3741 1053 3809 Ibid„
1086 3759 1143 3813 p.
1176 3742 1299 3796 202.

776 3841 854 3912 (2)
887 3841 1047 3894 G1ov.
1075 3841 1277 3899 PANsA,
1300 3838 1357 3894 la
1380 3839 1729 3894 Dislruzione
1754 3838 1815 3892 di
1844 3840 2082 3908 Corfinio
2114 3856 2141 3894 e
2171 3840 2251 3909 qli
2279 3842 2385 3894 atti
2413 3843 2644 3912 apocrifi
2668 3843 2729 3898 di
2758 3844 2813 3899 S.
2851 3841 2950 3899 Pe·

709 3942 845 4007 lino,
867 3954 1086 3993 vescovo
1115 3937 1174 3992 di
1204 3937 1471 4006 Brindisi,
1493 3937 1551 3991 in
1583 3951 1597 3992 ε
1644 3935 1912 3992 Nocerelle
1941 3937 1999 3991 di
2047 3939 2206 3992 varia
2251 3938 2587 4008 erudizione‚
2630 3940 2945 4004 Lanciano,

706 4038 864 4104 1887,
901 4053 957 4108 p.
996 4036 1118 4091 181.

772 4136 851 4208 (3)
884 4137 1082 4201 ΜΛΝ-οη,
1116 4135 1385 4200 Concilio,
1421 4140 1460 4188 t.
1496 4135 1635 4195 VIII,
1676 4150 1732 4205 p.
1766 4136 1892 4191 234.
1923 4165 1993 4175 -
2037 4135 2297 4201 Uonmm,
2344 4136 2515 4192 ltalia
2559 4153 2746 4206 sacra,
2806 4144 2848 4195 t.
2898 4140 2946 4194 1.

700 4254 756 4309 p.
792 4236 951 4291 1359.

775 4334 852 4406 (4)
884 4334 1141 4393 UGnELm,
1175 4332 1277 4388 loo.
1311 4333 1405 4389 cit.
1430 4363 1496 4374 —
1519 4332 1600 4389 Cf.
1636 4332 1938 4404 FARAGL1A‚
1971 4333 2166 4389 Codice
2194 4332 2550 4404 diplomatico
2578 4336 2942 4406 sulmonense,

701 4431 1012 4500 Lanciano,
1050 4431 1207 4497 1888,
1238 4430 1456 4486 Introd.
1483 4448 1497 4499 ;
1530 4437 1587 4486 et
1618 4447 1631 4485 ε
1656 4432 1687 4484 I
1705 4432 1835 4485 miei
1862 4431 2040 4486 studii
2066 4432 2257 4486 storioi
2284 4430 2426 4485 delle
2477 4449 2594 4487 cose
2642 4413 2945 4503 abrnzzesi,

702 4532 1007 4596 Lanciano,
1054 4532 1209 4596 1893,
1254 4549 1310 4601 p.
1348 4532 1443 4585 161
1501 4548 1513 4586 :
1572 4532 1777 4600 Saqqz'o
1826 4531 1885 4585 (Ii
1940 4534 2249 4600 coroqrafia
2294 4531 2581 4587 alren-:ese
2627 4535 2946 4592 medioevale

700 4634 850 4706 (estr.
888 4630 1017 4685 dele
1048 4629 1217 4683 Arch.
1251 4629 1481 4699 Storz'co,
1514 4629 1759 4701 Napoli„
1799 4630 1977 4702 1891).
