3557 5559
1653 549 2005 615 -87-

722 741 958 812 virum
1006 742 1508 812 clarissimum
1545 744 1638 834 (1)
1679 747 1748 813 et
1796 744 2075 814 Ardeae
2117 744 2543 815 Sallustium
2587 747 2982 830 Paelinia-,

711 890 892 937 num
926 854 1429 937 clarissimum
1459 868 1703 937 virum
1737 869 1868 960 (2).

803 992 1320 1080 Paelignorum
1391 993 1730 1061 omnium
1781 993 2316 1064 famosissimus
2359 999 2464 1065 est
2514 1001 2590 1066 P.
2640 997 2942 1067 Ovidius

709 1120 896 1185 Naso
952 1116 1465 1185 Sulmonensis
1524 1116 1642 1205 (3).
1699 1116 2072 1186 Sulmone-
2119 1121 2360 1202 natus,
2422 1120 2499 1187 in
2570 1119 2709 1188 hac
2766 1122 2939 1191 urbe

706 1242 1034 1331 primum
1069 1241 1377 1310 eductus
1406 1241 1541 1310 fuit
1575 1265 1589 1316 ;
1634 1241 1734 1311 ibi
1775 1241 2137 1311 rusticum
2170 1243 2552 1331 praedium
2594 1246 2933 1315 tenebat:
3023 1334 3030 1339 ἱ

993 1441 1141 1496 Gens
1169 1456 1302 1495 mea
1333 1440 1607 1514 Paeligni,
1639 1440 1917 1514 regioque
1948 1441 2266 1497 domestica
2297 1443 2495 1499 Sulmo
2526 1443 2622 1515 (4).

987 1541 1112 1594 Non
1141 1555 1306 1594 meus
1337 1539 1581 1594 amissos
1611 1538 1841 1594 animus
1871 1539 2161 1596 desiderat
2190 1556 2378 1612 agr08‚

1146 1639 1412 1709 Ruraque
1442 1636 1716 1710 Paeligno
1747 1636 2155 1708 conspicienda
2185 1639 2305 1692 solo
2336 1639 2435 1709 (5).

791 1819 1231 1907 Saepissime
1273 1819 1545 1909 patriae
1589 1818 1848 1887 merita
1886 1819 2337 1910 virtutesque
2360 1820 2695 1890 laudibus
2726 1841 2936 1890 exor-

703 1946 929 2013 navit.
957 1945 1264 2034 Scriptis
1288 1945 1439 2013 suis
1471 1945 1793 2034 profecto
1828 1946 2164 2035 produxit
2196 1947 2633 2015 memoriam
2663 1946 2933 2016 natalis

702 2070 925 2151 urbiS,
987 2071 1198 2139 cuius
1253 2092 1523 2139 nomen
1578 2074 1829 2161 poetae
1879 2072 2167 2140 nomini
2226 2073 2303 2140 in
2354 2093 2573 2142 omne
2638 2076 2929 2161 tempus

698 2197 1053 2265 inhaeret.
1096 2196 1535 2285 Paelignum
1581 2199 1822 2265 vatem
1852 2196 2174 2268 celebrat
2214 2195 2612 2267 Martialis:

1161 2394 1320 2464 Ride,
1354 2396 1400 2450 si
1432 2394 1608 2468 sapis,
1641 2412 1673 2452 o
1704 2397 1917 2467 puella,
1949 2395 2091 2466 ride,

1162 2494 1492 2568 Paelignus,
1525 2499 1689 2567 put0‚
1722 2494 1945 2551 dixerat
1975 2501 2144 2567 poeta
2175 2495 2275 2568 (6).

1079 2596 1202 2650 Non
1234 2611 1326 2650 me
1356 2594 1660 2667 Paelignus
1688 2610 1794 2650 nec
1823 2600 2055 2666 spernet
2084 2597 2315 2651 Mantua
2345 2598 2533 2653 vatem
2566 2595 2665 2668 (7).

781 2775 1177 2865 Paelignae
1236 2775 1557 2860 regionis
1621 2774 2007 2846 historiam
2075 2782 2143 2845 et
2189 2776 2390 2846 vices
2447 2796 2924 2846 romanorum

693 2902 1120 2992 principum
1160 2905 1393 2970 aetate
1424 2903 1703 2969 veteres
1752 2901 2142 2991 scriptores
2189 2901 2478 2971 silentio
2511 2903 2921 2970 transeunt.

690 3031 848 3098 Non
898 3029 1331 3117 ignoramus
1391 3032 1637 3096 tamen
1682 3028 2066 3097 Claudium
2118 3028 2196 3095 in
2257 3028 2543 3095 Italiam
2598 3027 2916 3096 mediam

687 3151 920 3220 multa
995 3160 1064 3219 et
1123 3151 1446 3218 maxima
1504 3150 2000 3239 praestitisse:
2047 3171 2084 3218 e
2141 3149 2419 3218 Fucino
2470 3150 2638 3218 lacu
2676 3150 2921 3219 emisit

683 3297 953 3364 aquam
1014 3275 1315 3364 viasque
1381 3274 1701 3343 munivit
1755 3274 2023 3363 quibu's
2092 3275 2483 3360 utebantur
2559 3273 2914 3362 Paeligni,

685 3400 1064 3472 Claudiam
1096 3400 1466 3470 Valeriam
1507 3403 1576 3468 et
1609 3400 1987 3468 Claudiam
2023 3420 2291 3467 novam
2333 3402 2450 3489 (8).
2491 3404 2543 3468 E
2570 3403 2779 3470 Libro
2802 3421 2917 3469 co-

682 3531 1037 3598 loniarum
1089 3531 1388 3617 apparet
1445 3527 1769 3604 colonias
1826 3525 2180 3595 deductas
2244 3526 2468 3594 fuisse
2510 3527 2914 3595 Corfinium

679 3657 887 3725 iussu
926 3654 1260 3742 Augusti,
1314 3653 1713 3722 Corfinium
1746 3657 1818 3722 et
1857 3653 2288 3722 Sulmonem
2331 3653 2533 3722 iussu
2577 3653 2912 3740 NeroniS,

753 3855 830 3926 (1)
865 3854 923 3910 C.
955 3856 998 3908 1.
1033 3854 1116 3921 L.,
1146 3853 1213 3921 V,
1246 3854 1404 3907 4358.

750 3954 828 4025 (2)
860 3953 919 4008 G.
954 3955 994 4008 1.
1028 3953 1115 4018 1..‚
1146 3953 1208 4016 x,
1243 3953 1400 4006 6769.

748 4053 823 4125 (3)
856 4056 971 4108 Hoc
1005 4050 1359 4124 gentilicium
1391 4065 1604 4105 nomen
1634 4049 1693 4104 in
1727 4065 1840 4104 una
1884 4046 2238 4104 Sulmonensi
2288 4046 2659 4119 inscriptione
2689 4045 2913 4102 inveni-

678 4158 768 4207 tur
801 4169 813 4206 :
847 4152 907 4206 C.
941 4154 979 4205 l.
1016 4151 1099 4215 L..
1130 4151 1219 4217 IX,
1253 4148 1392 4202 3082
1424 4165 1437 4202 ε
1471 4152 1532 4203 L.
1567 4148 1788 4204 Ovidius
1823 4148 2072 4204 ventrio.

748 4250 825 4320 (4)
856 4250 1038 4315 Ovm.‚
1071 4250 1259 4310 Pom„
1291 4248 1378 4312 IV,
1414 4247 1499 4315 14,
1533 4248 1619 4301 51.

750 4347 826 4418 (5)
857 4346 1024 4412 Ibid„
1055 4346 1096 4412 l,
1130 4346 1184 4408 8,
1215 4345 1302 4399 41.

746 4445 821 4515 (6)
856 4445 1148 4508 MAR‘rtAL.‚
1184 4443 1247 4506 11,
1279 4443 1368 4507 41,
1400 4445 1451 4495 2.

750 4545 827 4617 (7)
857 4541 1025 4610 Ihm„
1057 4542 1195 4607 vul,
1228 4541 1315 4607 73,
1350 4542 1400 4594 9.

750 4643 820 4713 (8)
854 4641 936 4697 Cf.
968 4640 1142 4708 infra,
1177 4655 1230 4709 p.
1261 4639 1379 4693 107.
