3557 5559
1655 1079 2149 1148 CONCLUSIO

879 1491 977 1554 Ex
1017 1484 1361 1554 omnibus
1410 1484 1499 1551 iis
1548 1483 2012 1553 documentis
2070 1504 2257 1573 quae
2309 1506 2531 1576 supra
2577 1488 3031 1559 contulimus

788 1611 1100 1697 constat,
1153 1610 1397 1675 nostra
1444 1606 1745 1695 quidem
1804 1606 2189 1686 sententia,
2235 1608 2626 1699 Paelignos
2676 1611 2750 1680 in
2819 1613 3029 1684 ltalia

787 1731 1092 1818 antiqua
1121 1729 1430 1799 minime
1471 1729 1922 1818 spernendas
1952 1730 2356 1800 obtinuisse
2386 1738 2656 1823 partes,
2712 1740 2817 1805 Ex
2867 1736 3027 1826 ipsa

787 1854 1282 1946 geographica
1315 1853 1636 1941 regionis
1685 1852 2268 1924 conformatione
2308 1878 2483 1925 cum
2516 1859 2737 1928 totius
2770 1860 3022 1951 populi

786 1979 1090 2048 historia
1123 1981 1280 2048 tum
1314 1977 1898 2067 uniuscuiusque
1922 1979 2242 2049 civitatis
2266 1981 2559 2052 fortuna
2611 1987 3018 2057 emanavit.

785 2107 965 2174 Cum
1017 2103 1218 2172 enim
1272 2102 1605 2190 Paeligni
1653 2101 1919 2170 mediis
1985 2104 2062 2171 in
2116 2106 2490 2175 montibus
2537 2110 3023 2198 paeninsulae

794 2228 1115 2298 maxime
1159 2225 1773 2296 mediterraneam
1816 2231 2097 2314 partem
2151 2232 2245 2310 et,
2292 2234 2369 2299 ut
2412 2230 2515 2301 ita
2580 2232 2854 2319 dicam,
2905 2257 3030 2304 ar-

784 2374 974 2437 cem,
1018 2372 1204 2441 quae
1243 2349 1682 2419 difficillime
1715 2351 1928 2419 traici
1961 2355 2030 2421 et
2062 2356 2465 2443 expugnari
2498 2363 2771 2447 posset,
2807 2360 3026 2430 habi-

786 2478 1048 2558 tarent,
1110 2474 1679 2564 haudquaquam
1739 2474 2162 2544 mirandum
2196 2482 2305 2547 est
2334 2499 2456 2547 eos
2488 2501 2648 2551 sero
2673 2503 2716 2550 a
2760 2488 3023 2553 senatu

788 2600 1197 2691 populoque
1255 2594 1558 2666 romano
1616 2596 1813 2686 leges
1874 2601 2248 2690 accepisse
2280 2607 2350 2672 et
2384 2605 2621 2675 adhuc
2655 2609 2897 2697 pri-mo
2948 2632 3018 2680 a.

786 2729 861 2797 G.
923 2747 996 2793 n.
1069 2725 1359 2794 saeculo
1417 2723 1715 2793 ineunte
1753 2722 2335 2828 ’formidolosam
2386 2731 2860 2805 rebellionem
2924 2736 3025 2806 fe·

782 2852 997 2921 cisse.
1027 2855 1525 2922 Romanorum
1567 2851 1863 2941 quidem
1891 2874 2153 2930 mores,
2181 2855 2465 2945 lingua,
2504 2861 2789 2951 religi0,
2815 2865 3020 2935 tarde

784 2978 854 3044 et
901 2973 1342 3064 pedetentim
1383 2972 1806 3063 paelignam
1848 2977 2226 3065 regionem
2277 2990 3019 3074 pervaserunt‚cuius

782 3093 1065 3166 incolae
1094 3099 1352 3166 contra
1373 3096 1631 3165 ceteris
1662 3096 2023 3167 sabellicis
2073 3102 2362 3191 populis
2413 3107 3016 3202 Samnitibusque

778 3226 848 3292 et
914 3220 1230 3296 Sabinis,
1275 3220 1336 3288 si
1371 3220 1831 3309 religionem,
1887 3223 2243 3313 linguam,
2303 3250 2563 3317 moreS‚
2636 3235 3010 3325 respicias,

777 3349 929 3415 tam
962 3343 1237 3413 similes
1267 3346 1501 3413 erant.
1537 3348 1630 3414 Ut
1686 3348 2031 3417 nonnulli
2060 3350 2420 3424 dialectici
2475 3356 2669 3426 tituli
2719 3359 3009 3431 sullano

777 3470 998 3542 etiam
1057 3473 1382 3559 tempore
1430 3471 1831 3561 conscripti
1899 3473 2221 3563 fuerunt,
2269 3478 2371 3548 ita
2412 3480 2489 3549 in
2539 3482 2717 3573 ipsis
2761 3485 3009 3556 latinis

781 3592 1386 3683 inscriptionibus
1439 3592 1915 3683 imperatoria
1984 3601 2219 3669 aetate
2311 3602 2667 3675 confectis
2715 3607 3008 3699 aliquae

783 3719 997 3784 notae
1028 3715 1478 3805 deprehendi
1518 3722 1826 3806 possunt
1871 3741 2055 3810 quae
2087 3722 2598 3815 antiquitatem
2651 3732 3007 3805 redolent.

780 3821 962 3919 Quid
1020 3839 1209 3930 quod
1269 3838 1600 3928 Paeligni
1629 3844 1911 3913 veteres
1942 3867 2110 3916 suos
2142 3846 2314 3918 deos
2344 3855 2715 3924 constanti
2746 3855 2891 3928 fide
2923 3880 3009 3929 ac

779 3963 985 4033 cultu
1053 3964 1424 4054 prosecuti
1494 3966 1735 4033 sunt?
1774 3969 2031 4037 Nonne
2117 3971 2448 4043 Pelinam
2527 3980 2599 4046 et
2646 3981 3014 4052 Lavernas

781 4090 1350 4170 venerabantur,
1384 4090 1769 4180 paelignae
1800 4096 2041 4182 gentis
2068 4100 2363 4189 propria
2409 4105 2747 4192 numina,
2784 4112 2858 4177 at
2902 4132 3019 4180 re-

780 4238 954 4288 vera
995 4214 1382 4305 indigetes,
1417 4217 1488 4285 et
1552 4209 1915 4307 AngitiaS,
1959 4224 2391 4311 praesertim
2449 4230 2655 4319 apud·
2710 4233 3012 4312 Marsos,

784 4342 1182 4414 finitimam
1277 4345 1597 4430 gentem,
1705 4343 2095 4417 florentes?
2186 4353 2523 4432 Romani,
2604 4358 2754 4427 tota
2846 4383 3019 4453 pae-

787 4465 1090 4538 ninsula
1164 4465 1243 4534 in
1301 4486 1508 4535 suam
1563 4469 1996 4557 potestatem
2052 4471 2367 4552 redacta,
2419 4478 2764 4549 omnibus
2831 4484 3024 4556 itali-

787 4592 898 4662 cis
967 4588 1384 4660 nationibus
1431 4589 1768 4662 instituta
1828 4595 2445 4689 magistratusque
2512 4599 3023 4693 imposuerunt
