3557 5559
1668 575 2025 642 ...23-

737 774 930 864 apud
1009 773 1410 843 Corfinium
1489 774 1871 845 exstitisse.
1931 774 2295 844 Paludum
2386 774 2633 863 gravis
2712 772 2979 844 nebula

738 901 925 968 aeris
984 900 1321 990 spiritum
1372 900 1750 970 inficiebat
1798 901 2176 989 febresque
2223 901 2582 987 (mellaria)
2615 899 2975 969 movebat.

740 1024 926 1092 Cum
980 1028 1227 1094 autem
1272 1024 1669 1094 verisimile
1713 1025 1806 1093 sit
1855 1025 2116 1115 priscis
2156 1024 2305 1093 iam
2373 1024 2823 1113 temporibus
2866 1023 2984 1093 his

739 1150 815 1217 in
856 1148 1037 1218 locis
1070 1150 1355 1219 caelum
1400 1150 1819 1219 maleficum
1868 1150 2113 1230 fuisse,
2163 1148 2472 1218 Nasonis
2521 1148 2804 1217 dictum
2855 1148 2981 1217 ali-

739 1274 1180 1364 quantulum
1216 1274 1596 1344 emendari
1628 1274 1861 1344 debet.
1890 1274 2297 1344 Salubritas
2328 1273 2530 1343 enim
2558 1273 2800 1343 minor
2828 1278 2981 1343 erat

740 1408 965 1491 quam
1000 1424 1038 1472 e
1070 1405 1321 1492 poetae
1351 1402 1593 1472 verbis
1625 1406 1948 1492 apparet.
2891 1494 2900 1505 ι

824 1530 1025 1609 Quod
1060 1530 1120 1599 si
1151 1531 1535 1620 paelignae
1560 1535 1793 1600 terrae
1819 1533 2090 1619 frugeS‚
2119 1552 2156 1601 e
2178 1530 2363 1600 caeli
2384 1529 2711 1600 moribus
2736 1534 2973 1621 aptaS‚

739 1656 1108 1745 inspicere
1154 1657 1491 1742 velimuS,
1535 1658 2004 1727 attendamus
2047 1659 2369 1748 primum
2428 1658 2700 1728 miram
2742 1657 2976 1727 diver-

739 1784 1029 1852 sitatem
1075 1784 1268 1854 inter
1310 1786 1695 1873 gignentia
1746 1807 1931 1876 quae
1984 1788 2267 1855 montes
2300 1788 2741 1876 pepererunt
2787 1787 2855 1853 et
2893 1805 2978 1854 ea

738 1930 920 1998 quae
953 1932 1039 1979 ex
1072 1911 1372 1981 infimae
1406 1911 1739 2002 planitiei
1774 1912 1920 1981 fetu
1954 1912 2526 2003 profunduntur.

827 2038 1350 2128 Paelignorum
1382 2039 1708 2131 plerique
1752 2042 2038 2110 montes
2084 2044 2338 2130 suapte
2392 2043 2659 2108 natura
2700 2039 2974 2108 infruc—

742 2166 930 2236 tuosi
979 2171 1049 2237 et
1105 2166 1463 2237 infeliceS.
1515 2167 1914 2236 Levissima
1958 2168 2171 2236 humi
2219 2170 2468 2236 crusta
2508 2167 2811 2257 rupibus
2865 2187 2974 2235 as-

735 2294 929 2383 peris
960 2294 1364 2386 imponitur
1413 2295 1934 2384 modicumque
1987 2295 2224 2363 solum
2273 2293 2741 2362 currentibus
2791 2293 2969 2361 rivis

734 2419 890 2488 sine
950 2419 1096 2489 ulla
1156 2421 1700 2489 intermissione
1760 2420 2207 2489 dissolvitur.
2274 2423 2354 2487 In
2406 2439 2699 2486 summa
2750 2421 2968 2502 terra,

737 2549 959 2615 strata
1012 2547 1228 2626 saxiS,
1277 2547 1509 2636 lapilli
1565 2547 2026 2637 virgultaque
2075 2547 2560 2636 suppeditant.
2599 2545 2806 2635 Apud
2854 2568 2972 2614 ve-

734 2673 949 2755 tereS,
987 2675 1064 2740 ut
1112 2672 1305 2762 apud
1356 2695 1516 2758 nos,
1550 2674 1627 2742 in
1678 2674 1970 2764 pascuis
2008 2678 2078 2743 et
2126 2675 2205 2742 in
2247 2673 2452 2742 silvis
2493 2676 2699 2742 erant
2749 2694 2960 2741 mon-

733 2799 922 2867 tium
963 2800 1240 2889 copiae.
1276 2804 1502 2869 Tanta
1533 2801 1795 2870 incidit
1819 2800 2064 2890 pabuli
2097 2800 2369 2869 laetitia
2404 2799 2479 2867 in
2512 2800 2680 2869 altis
2713 2800 2963 2869 Italiae

734 2927 1019 2995 mediae
1050 2929 1261 2996 terris
1314 2933 1389 2997 ut
1435 2929 1868 3019 Apenninus
1903 2929 2060 2997 iure
2110 2948 2238 3016 per
2266 2949 2483 2997 omne
2523 2931 2814 3017 tempus
2847 2950 2974 3018 pe-

734 3052 886 3121 cori
917 3052 1182 3121 alendo
1212 3053 1536 3143 optimus
1572 3053 1864 3122 habitus
1896 3055 2009 3122 sit.
2048 3053 2302 3122 Hieme
2331 3053 2669 3143 pecudeS,
2701 3051 2971 3142 pluviis

735 3181 805 3247 et
835 3178 1157 3259 nivibu5‚
1191 3180 1430 3268 ventis
1460 3185 1529 3249 et
1559 3181 1953 3270 frigoribus
1986 3179 2365 3258 obnoxiae,
2399 3179 2593 3268 iugis
2626 3179 2970 3262 exclusae

734 3302 811 3369 in
845 3324 1159 3393 aequum
1192 3304 1648 3373 descendunt
1677 3309 1893 3395 atque
1935 3326 2062 3394 per
2087 3303 2274 3372 Latii
2296 3304 2881 3394 Campaniaeque
2905 3306 2973 3371 et

729 3427 1037 3518 Apuliae
1122 3429 1516 3519 tepidiores
1592 3450 1900 3520 campos
1969 3430 2047 3497 in
2135 3428 2446 3497 hiberna
2514 3428 2965 3497 dividuntur.

734 3528 967 3621 Simul
999 3574 1087 3622 ac
1128 3556 1451 3643 primum
1485 3554 1746 3644 incipit
1786 3558 2047 3639 aestas,
2083 3553 2353 3623 iterum
2397 3553 2486 3620 in*
2518 3554 2803 3621 montes
2838 3555 2974 3619 Sa-

733 3675 1076 3746 binorum
1110 3681 1180 3747 et
1212 3682 1642 3765 Marsorum,
1684 3679 2205 3767 Paelignorum
2240 3681 2309 3747 et
2339 3676 2784 3746 Samnitium
2819 3679 2972 3744 ten-

734 3801 940 3875 dunt.
986 3807 1093 3874 Ita
1142 3806 1489 3895 gregibus
1539 3809 1608 3875 et
1639 3805 1993 3874 armentis
2037 3827 2164 3894 per
2215 3804 2466 3874 orbem
2498 3804 2805 3872 redeunt
2835 3824 2974 3871 an-

734 3954 927 4002 nuae
956 3933 1438 4024 migrationes
1475 3956 1490 4002 :
1529 3954 1714 4024 quae
1762 3933 1911 4002 iam
1961 3932 2228 4001 itinera
2258 3931 2334 3999 in
2375 3952 2577 3999 more
2605 3930 2965 3998 maiorum

731 4060 948 4128 erant
1004 4058 1261 4149 posita.
1326 4059 1616 4128 Etenim
1694 4061 1786 4127 M.
1856 4056 2236 4126 Terentius
2301 4058 2529 4126 Varro
2615 4054 2965 4124 Reatinus

734 4184 967 4253 dicit:
1008 4210 1040 4247 «
1085 4186 1334 4276 Neque
1387 4183 1642 4254 eadem
1682 4183 1870 4263 loca,
1915 4181 2191 4252 aestiva
2233 4184 2301 4250 et
2345 4181 2656 4251 hiberna
2703 4180 2969 4249 idonea

740 4311 1084 4383 omnibus
1131 4312 1222 4383 ad
1274 4313 1752 4404 pascendum.
1814 4314 2060 4402 Itaque
2118 4331 2379 4400 greges
2427 4309 2676 4380 ovium
2743 4309 2963 4398 longe

734 4435 1133 4525 abiguntur
1192 4458 1282 4506 ex
1335 4435 1600 4526 Apulia
1666 4436 1744 4505 in
1823 4434 2211 4505 Samnium
2268 4423 2708 4530 aestivatum'
2767 4434 2859 4523 (1)
2903 4457 2965 4498 ».

807 4682 883 4758 (1)
913 4684 1114 4752 VARR„
1146 4681 1213 4738 de
1240 4684 1316 4737 Re
1343 4686 1506 4749 rust„
1530 4644 1606 4753 '11,
1637 4682 1688 4739 1.
