3557 5559
1438 540 1794 605 ...19-

500 734 844 804 virtutem
880 733 966 802 ad
999 733 1271 802 ferrum
1322 735 1568 803 acrius
1619 735 2072 804 reddendum
2125 738 2463 824 pernotas
2510 737 2734 807 fuisse

378 882 385 887 ·
502 858 726 927 dicit:
783 885 816 922 «
878 861 958 925 In
1019 861 1266 926 nostro
1307 858 1478 927 orbe
1536 857 1766 927 aliubi
1824 880 2012 928 vena
2072 859 2472 929 bonitatem
2535 860 2734 930 hanc

501 985 838 1073 praestat,
905 986 980 1052 ut
1045 984 1120 1050 in
1188 983 1510 1066 Noricis;
1548 983 1795 1053 aliubi
1869 984 2176 1061 factura,
2236 989 2311 1052 ut
2371 985 2725 1056 Sulmone

504 1130 694 1197 aqua
724 1109 850 1198 (1).
901 1108 1191 1176 »Fama
1221 1090 1508 1198 quoque
1561 1112 1714 1177 erat
1744 1110 2125 1194 Marciam,
2180 1132 2541 1201 aquarum
2584 1134 2740 1180 om·

508 1237 715 1304 nium
754 1256 938 1325 quae
987 1235 1155 1304 Urbi
1207 1234 1714 1304 inferebantur
1770 1234 2290 1322 clarissimam,
2325 1238 2402 1305 in
2464 1238 2773 1307 ultimis

512 1359 884 1429 montibus
922 1358 1443 1448 Paelignorum
1479 1359 1652 1427 oriri
1688 1359 1809 1449 (2).

600 1486 1257 1556 Verumenimvero
1316 1486 1564 1554 fauces
1608 1488 1966 1575 angustae
2008 1509 2187 1578 quas
2221 1488 2499 1558 flumen
2549 1490 2750 1559 circa

515 1611 725 1679 initia
755 1610 1001 1678 statim
1050 1610 1417 1677 inferioris
1467 1609 1579 1677 sui
1630 1632 1889 1678 cursus
1935 1612 2390 1681 transcendit
2438 1634 2749 1702 parvum

517 1739 586 1804 et
615 1735 927 1804 arduum
971 1735 1244 1803 exitum
1289 1735 1638 1825 praebent
1673 1733 1888 1802 undis
1921 1757 2105 1825 quae
2128 1737 2630 1825 copiosissime
2672 1739 2750 1806 in

521 1864 941 1953 paelignam
1008 1863 1275 1933 vallem
1324 1864 1664 1942 affluunt,
1719 1863 1808 1932 ad
1859 1867 2211 1933 Aternum
2271 1866 2489 1934 simul
2559 1867 2751 1957 pari-

521 1993 768 2078 terque
799 1987 1141 2057 directae.
1164 1990 1375 2056 Nunc
1408 1987 1732 2077 quidem,
1767 1988 2189 2076 ingentibus
2209 1991 2549 2079 perfectis
2580 2013 2750 2082 ope-

524 2115 748 2191 ribus,
786 2115 1036 2183 Aterni
1068 2115 1248 2204 ripis
1290 2114 1750 2183 confirmatis
1782 2115 2134 2204 alveoque
2160 2116 2438 2199 effos50,
2471 2117 2756 2186 facilior

524 2249 876 2316 decursus
933 2245 1256 2314 collectis
1317 2247 1694 2315 umoribus
1743 2247 2015 2329 datur;
2098 2268 2330 2337 aquae
2374 2251 2619 2316 autem
2677 2249 2754 2316 in

526 2375 848 2439 extrema
881 2369 1407 2463 planitie-olim
1454 2369 1894 2457 stagnabant
1929 2391 1944 2453 ;
2000 2370 2300 2459 paludes
2329 2372 2754 2451 ‚Corfinium

527 2497 1168 2567 circumfluebant.
1241 2497 1611 2585 RegioniS‚
1673 2501 1752 2566 ut
1837 2497 1936 2565 ita
2021 2497 2291 2580 dicam,
2344 2498 2571 2567 facies
2638 2521 2755 2567 re-

528 2622 975 2692 centioribus
1007 2623 1456 2712 temporibus
1487 2623 1965 2692 vehementer
1997 2627 2274 2692 mutata
2315 2624 2473 2696 fuit.

617 2751 795 2817 Cum
841 2747 1026 2836 nihil
1060 2747 1256 2816 aliud
1292 2747 1384 2816 sit
1416 2747 1761 2837 paeligna
1796 2748 1996 2837 regio
2045 2749 2191 2817 nisi
2221 2749 2478 2818 Aterni
2529 2749 2755 2819 medii

530 2876 1010 2966 amniumque
1054 2876 1253 2949 Gz'zz‘o
1294 2875 1364 2941 et
1409 2874 1797 2960 Sayz'tcarz‘o
1842 2873 2079 2950 vallis,
2120 2896 2246 2963 pro
2318 2875 2587 2945 finibus
2622 2897 2758 2945 ne-

529 3003 848 3074 cessario
880 3002 1100 3071 habet
1132 3004 1418 3069 montes
1449 3001 1574 3090 qui
1603 2999 1876 3069 vallem
1911 3002 2145 3091 ipsam
2187 3005 2552 3071 coercent.

574 3133 769 3197 *Iam
803 3126 1077 3196 scimus
1118 3147 1258 3217 quo
1322 3128 1536 3216 pacto
1584 3123 2018 3193 ordinentur
2065 3125 2391 3214 paeligni
2444 3129 2756 3194 monteS.

529 3260 726 3323 Duae
765 3256 937 3322 sunt
962 3252 1151 3320 iniis
1174 3251 1413 3320 lineae
1443 3272 1524 3320 ex
1568 3250 1875 3319 adverso
1909 3250 2206 3340 positae.
2243 3255 2305 3318 A
2335 3249 2521 3318 caeli
2556 3254 2760 3339 parte

531 3380 727 3448 inter
763 3378 1293 3469 septentriones
1325 3377 1932 3466 occidentemque
1972 3374 2199 3444 solem
2244 3376 2472 3466 posita
2535 3397 2761 3466 usque

534 3508 622 3576 ad
654 3529 813 3577 eam
847 3527 1031 3596 quae
1077 3505 1267 3573 inter
1296 3505 1682 3574 meridiem
1729 3504 2103 3595 solemque
2145 3504 2496 3574 orientem
2533 3504 2766 3591 posita

538 3637 647 3703 est
737 3633 1011 3724 pariter
1093 3631 1607 3701 extenduntur.
1664 3629 1801 3699 Sed
1861 3634 2166 3721 utraque
2227 3652 2377 3699 non
2430 3629 2767 3700 eamdem

539 3759 1012 3847 consequitur
1044 3757 1594 3825 sublimitatem.
1636 3756 1919 3824 Etenim
1947 3757 2288 3843 iugorum
2323 3756 2514 3824 inter
2544 3776 2619 3823 se
2652 3776 2772 3823 co-

541 3883 1006 3954 haerentium
1044 3885 1324 3951 tractus
1357 3882 1481 3971 qui
1515 3881 1603 3949 ad
1637 3881 1995 3951 orientem
2038 3881 2501 3971 potissimum
2536 3882 2775 3968 vergit

544 4008 856 4076 alterum
890 4005 1121 4074 multo
1153 4004 1459 4074 excedit.
1497 4004 1630 4072 Hic
1664 4008 1729 4073 et
1762 4002 1885 4072 ille
1910 4003 2289 4072 nonnullis
2324 4003 2398 4070 in
2441 4002 2620 4071 locis
2661 4003 2771 4071 in·
2803 4055 2806 4058 >

545 4135 1127 4224 terrumpuntur.
1161 4135 1477 4200 Tantum
1511 4130 1712 4199 abest
1746 4136 1824 4199 ut
1864 4128 2365 4219 unusquisque
2406 4128 2780 4197 continen-

490 4255 521 4272 ”
548 4262 696 4328 tem
756 4259 1338 4348 perpetuumque
1404 4257 1644 4325 servet
1735 4275 2067 4336 cursum,
2130 4256 2209 4321 ut
2274 4253 2533 4321 contra
2592 4253 2782 4321 inter

625 4519 705 4590 (ι)
736 4517 1170 4586 Ibid.,xxx1v,
1203 4517 1291 4573 41.

625 4617 703 4688 (2)
732 4617 909 4686 und„
936 4617 1110 4685 xxxi,
1143 4615 1232 4670 24.
