3557 5559
1493 530 1886 596 —115-

562 723 926 812 angustiis
950 723 1356 792 imminens
1378 745 1564 812 quae
1588 725 1959 812 Paelignis
1980 725 2057 791 in
2084 723 2436 792 finitimas
2461 725 2794 813 regiones

555 849 941 917 transitum
976 834 1445 938 praebebant,
1490 849 1795 939 planum
1846 850 2194 918 verticem
2226 851 2636 940 occupabat
2666 873 2792 921 na-

554 981 718 1047 tura
765 978 922 1066 ipsa
980 979 1376 1047 munitum.
1429 981 1608 1047 Cum
1665 979 1924 1067 priscis
1983 979 2431 1069 temporibus
2489 980 2790 1070 paludes

558 1104 876 1192 undique
944 1088 1583 1183 cir'cumiacerenm
1646 1105 1998 1175 facillime
2064 1108 2219 1174 erat
2285 1107 2525 1175 hostes
2593 1107 2788 1176 urbis

552 1228 744 1295 aditu
793 1228 1201 1316 prohibere.
1240 1230 1624 1297 Recentior
1665 1250 1901 1318 pagus
1930 1228 2257 1298 Pentima
2288 1230 2528 1299 dictus
2558 1230 2632 1298 in
2664 1251 2790 1299 ex-
2887 1250 2896 1261 ·

553 1355 788 1421 trema
812 1355 881 1420 et
904 1351 1263 1420 altissima
1294 1352 1639 1443 antiquae
1657 1353 1978 1422 civitatis
2006 1356 2229 1448 parte,
2258 1336 2787 1443 septentriones

552 1498 831 1557 versus,
875 1499 1077 1548 nunc
1111 1480 1453 1568 assurgit.
1489 1479 1622 1549 Hic
1652 1501 1918 1570 nempe
1959 1501 2207 1550 arcem
2238 1480 2460 1569 primi
2502 1480 2788 1549 incolae

550 1604 1082 1671 exstruxerant.
1119 1603 1452 1671 Romana
1481 1607 1728 1673 autem
1761 1607 1994 1672 aetate
2028 1604 2200 1673 urbs
2233 1603 2461 1671 multo
2493 1603 2789 1692 longius

550 1724 1030 1815 pandebatur.
1076 1727 1265 1794 Muri
1294 1726 1493 1794 enim
1545 1726 1974 1816 episcopalis
2006 1727 2384 1811 ecclesiae,
2423 1729 2499 1796 B.
2537 1726 2787 1795 Pelino

553 1850 950 1929 dedicatae,
998 1875 1182 1943 quae
1235 1875 1276 1922 a
1308 1875 1496 1943 pago
1526 1857 1855 1923 Pente‘ma
1915 1853 2115 1922 mille
2165 1875 2422 1943 passus
2462 1853 2703 1931 distat,
2750 1877 2785 1922 e
2848 1948 2858 1959 ‚

550 1976 802 2045 latinis
842 1977 1073 2046 titulis
1106 1977 1412 2070 aliisque
1441 1967 2204 2068 veteribus'lapidibus
2235 1982 2602 2058 constant,
2647 1979 2789 2048 ibi-
2883 2011 2888 2015 ·

550 2121 689 2191 que
740 2103 1164 2191 nuperrime
1216 2103 1477 2173 effossa
1515 2105 1752 2172 multa
1794 2103 2055 2172 rudera
2087 2103 2164 2170 in
2198 2102 2444 2173 lucem
2506 2103 2787 2194 prolata

551 2228 744 2294 sunt.

643 2350 826 2430 Quid
874 2352 1116 2421 valeat
1155 2353 1453 2423 Corfinii
1494 2374 1765 2422 nomen
1807 2352 2261 2442 ignoramus.
2306 2353 2788 2422 Animadver-

553 2476 861 2545 tendum
913 2481 1021 2546 est
1064 2481 1313 2547 tamen
1365 2478 1623 2548 urbem
1673 2479 2073 2568 quamdam
2116 2485 2552 2560 Marsorum,
2590 2477 2787 2545 haud

559 2605 811 2693 procul
860 2606 1198 2695 positam,
1234 2607 1696 2676 Cerfenniam
1740 2609 1919 2676 clim
1953 2607 2349 2676 nominari.
2388 2605 2787 2674 Corfinium

557 2729 1084 2822 Cerfenniaque
1133 2733 1293 2822 pari
1335 2732 1549 2803 modo
1590 2735 2021 2804 consonant.
2057 2732 2406 2802 Italorum
2441 2730 2544 2800 dii
2595 2731 2791 2800 Cerri

555 2852 667 2923 vel
700 2854 884 2923 Cer-fi
916 2860 1041 2925 aut
1090 2856 1280 2924 Kerfi
1320 2856 1776 2927 vocabantur
1808 2858 1922 2948 (1).
1959 2861 2215 2927 Nonne
2265 2854 2665 2927 verisimile
2699 2854 2793 2922 sit

445 3051 448 3055 Α
563 2977 860 3047 Corfinii
927 2980 1499 3072 Cerfenniaeque
1567 2982 1874 3050 nomina
1935 2982 2011 3050 in
2052 2982 2364 3050 latinum
2432 2980 2791 3049 translata

517 3155 521 3159 -
562 3110 860 3174 Deorum
898 3127 1133 3176 sacras
1182 3109 1384 3176 urbes
1426 3107 1901 3195 significare?
1931 3110 2156 3195 Saepe
2187 3087 2465 3174 veteres
2509 3103 2793 3193 oppidis

563 3230 715 3297 suis
753 3229 1282 3319 appellationes
1322 3231 1833 3320 imposuerunt
1871 3253 1914 3299 a
1962 3234 2227 3310 natura
2274 3230 2579 3298 deorum
2623 3249 2793 3316 pro-

562 3357 843 3426 ductaS.
899 3359 1285 3427 Neminem
1346 3358 1555 3446 fugit,
1609 3358 1925 3448 exempli
1977 3378 2228 3441 causa,
2280 3355 2474 3446 apud
2516 3359 2793 3430 Marsos

562 3485 1011 3551 Marruvium
1055 3483 1437 3567 exstitisse,
1473 3483 1545 3551 id
1581 3487 1688 3551 est
1729 3484 1975 3552 Martis
2007 3483 2404 3553 civitatem.

653 3606 977 3675 Primam
1020 3607 1319 3676 Corfinii
1380 3607 1830 3677 mentionem
1879 3608 2071 3698 apud
2131 3607 2395 3676 Silium
2451 3606 2791 3677 Italicum

564 3730 1028 3815 invenimus;
1066 3733 1127 3800 is
1159 3737 1404 3802 autem
1447 3736 1658 3823 poeta
1700 3734 1953 3803 urbem
1995 3756 2124 3824 per
2162 3754 2478 3803 errorem
2511 3739 2796 3803 Marru-

562 3856 751 3926 cinis
782 3857 1110 3945 assignat
1133 3859 1252 3946 (2).
1285 3860 1369 3927 ln
1411 3861 1728 3930 marsico
1759 3861 1946 3929 bello
1980 3860 2158 3928 socii
2204 3860 2546 3942 Corfinio,
2601 3857 2816 3948 quodx

561 3983 871 4056 foederis
903 3989 1126 4075 caput
1148 3986 1544 4075 elegerant,
1590 4009 1863 4057 novum
1906 3988 2202 4057 Italicae
2226 3992 2350 4056 aut
2392 3987 2625 4055 Italici
2666 4008 2798 4054 no-

569 4133 739 4181 men
813 4112 1173 4182 dederunt
1247 4114 1369 4200 (3).
1449 4116 1521 4181 G.
1592 4113 1821 4182 Iulius
1876 4117 2136 4183 Caesar
2222 4114 2360 4181 hoc
2448 4112 2797 4202 oppidum

635 4412 714 4485 (1)
747 4410 828 4469 Cf.
859 4426 1053 4481 supra,
1085 4428 1142 4483 p.
1175 4411 1262 4465 54.

642 4511 721 4585 (2)
753 4512 866 4568 Su..
900 4513 1068 4577 Iun„
1100 4509 1244 4577 VIII,
1277 4510 1400 4564 522.
1433 4508 1517 4564 Cf.
1550 4524 1742 4579 supra,
1777 4525 1833 4579 p.
1866 4511 1953 4563 64.

640 4610 718 4684 (3)
750 4610 832 4666 Cf.
865 4626 1057 4680 supra,
1089 4627 1146 4681 p.
1179 4608 1267 4663 72.
