3557 5559
1311 1332 1603 1399 CAPUT
1649 1333 2041 1400 TERTIUM

894 1756 999 1817 De
1043 1754 1231 1819 caeli
1273 1754 1604 1820 moribus
1645 1759 2034 1834 terraeque
2073 1752 2440 1832 frugibus.

641 2257 818 2325 Cum
863 2254 1031 2324 altis
1060 2253 1437 2324 montibus
1477 2253 1801 2345 undique
1841 2254 2245 2344 cingantur
2272 2254 2608 2345 Paeligni
2638 2256 2791 2326 sul-

552 2380 1074 2469 monensisque
1106 2378 1394 2448 concha
1425 2378 1656 2448 multo
1697 2400 1917 2469 supra
1949 2379 2176 2450 maris
2215 2378 2481 2449 libram
2520 2380 2640 2464 sit,
2673 2381 2791 2449 ni-

551 2508 704 2577 mia
751 2507 826 2577 vi
882 2505 1176 2594 frigoris
1240 2507 1388 2575 tota
1428 2504 1628 2594 regio
1679 2505 1984 2575 laborat.
2026 2505 2244 2575 Venti
2275 2525 2531 2575 omnes
2578 2505 2706 2596 qui
2748 2528 2790 2576 a

550 2630 1168 2724 septentrionibus
1206 2629 1322 2699 vel
1371 2651 1414 2698 a
1461 2628 1795 2715 meridie,
1848 2629 1940 2699 ab
1986 2633 2148 2700 ortu
2197 2629 2313 2700 vel
2373 2631 2464 2701 ab
2518 2651 2787 2702 occasu

545 2759 716 2829 solis
746 2759 826 2828 in
875 2754 1255 2848 paelignos
1304 2775 1607 2847 campos
1647 2756 2065 2843 incurrunt,
2111 2760 2502 2848 antequam
2536 2756 2625 2827 ad
2666 2779 2786 2829 eos

545 2886 1013 2978 perveniunt,
1068 2884 1241 2973 iuga
1291 2882 1530 2973 gelida
1572 2886 1642 2953 et
1691 2885 1863 2955 nive
1904 2859 2118 2976 saepe
2149 2886 2442 2955 obsessa
2481 2907 2786 2977 exsupe-

547 3017 736 3084 rant.
771 3012 1033 3105 Aquilo
1064 3012 1474 3103 praevalet3
1503 3034 1540 3084 e
1567 3012 2071 3101 frigidissimis
2101 3014 2545 3086 Sabinorum
2579 3036 2788 3084 mon-

541 3141 737 3211 tanis
768 3138 1200 3230 Fiscellique
1233 3139 1505 3209 montis
1533 3139 1934 3210 verticibus
1965 3140 2225 3229 surgit,
2270 3144 2488 3231 atque
2519 3142 2600 3210 in
2632 3142 2784 3232 pla-

553 3267 814 3337 nitiem
882 3286 1013 3357 per
1089 3268 1441 3354 angustas
1497 3265 1751 3335 Aterni
1819 3265 2069 3335 fauces
2135 3287 2308 3335 acer
2384 3266 2557 3335 ruit.
2626 3270 2785 3356 Ipse

552 3397 797 3464 autem
862 3394 1156 3479 Auster,
1219 3393 1340 3483 qui
1395 3393 1831 3485 plerumque
1906 3394 2223 3463 fervores
2284 3393 2459 3463 solis
2532 3416 2786 3464 secum

551 3520 860 3603 invehit,
894 3542 1066 3593 cum
1106 3542 1409 3611 campos
1445 3524 1675 3593 Pz’ano
1721 3524 1801 3592 dz'
1854 3522 2107 3612 cinque
2156 3522 2403 3610 miylz'a
2443 3521 2677 3617 dictos
2719 3527 2789 3593 et

547 3644 895 3737 deinceps
952 3644 1378 3715 Sulmonem
1447 3644 1768 3732 attingit,
1832 3644 2157 3715 excelsas
2230 3645 2517 3715 Samnii
2549 3648 2830 3715 terras,

549 3774 1028 3861 montemque
1075 3773 1263 3840 Meta
1310 3770 1390 3839 in
1439 3769 1754 3839 sublime
1804 3773 2134 3840 erectum
2176 3770 2493 3856 transiit,
2551 3771 2785 3841 multo

548 3900 790 3971 calore
865 3887 1163 3970 amisso.
1219 3903 1415 3970 Mare
1480 3902 1874 3990 postremo,
1934 3900 2124 3991 quod
2177 3921 2624 3991 magnopere
2692 3899 2783 3969 ad

550 4027 739 4095 aeris
762 4026 1190 4117 temperiem
1215 4028 1433 4116 atque
1456 4026 1546 4095 ad
1565 4024 2091 4096 immoderatos
2120 4024 2307 4094 caeli
2331 4028 2562 4094 status
2586 4025 2789 4095 miti-

547 4152 831 4242 gandos
889 4154 1194 4243 spectat,
1248 4153 1524 4223 maiore
1573 4152 1961 4222 intervallo
2012 4173 2055 4221 a
2111 4149 2483 4242 Paelignis
2538 4151 2782 4231 distat,

544 4276 911 4348 montium
943 4275 1287 4346 claustris
1330 4276 1809 4366 interpositi&
1844 4297 2068 4368 quam
2111 4279 2187 4346 ut
2232 4276 2389 4345 eius
2438 4276 2783 4365 contagio

545 4402 637 4471 ad
707 4380 1084 4492 regionem
1150 4401 1372 4471 istam
1430 4402 1809 4491 pertineat.
1857 4401 2046 4472 Hinc
2098 4401 2313 4471 facile
2369 4402 2788 4492 concipitur

546 4547 733 4617 quae
771 4528 864 4597 sit
891 4527 991 4597 ihi
1018 4526 1314 4617 frigoris
1345 4527 1723 4618 asperitas.
1761 4528 2096 4619 Paeligni
2126 4547 2381 4599 revera
2404 4528 2539 4598 suh
2569 4527 2786 4596 meri-

547 4655 773 4726 diana
816 4656 1309 4727 declinatione
1364 4658 1626 4728 mundi
1683 4658 2366 4749 septentrionalium
2407 4657 2783 4744 condicio-
