3557 5559
1495 591 1851 689 -21'-

551 819 800 917 fauces
829 820 1286 909 angustaque
1313 798 1619 902 itinera5
1659 817 1885 888 altera
1923 820 2044 890 via
2075 821 2457 893 contendit
2485 823 2576 891 ad
2610 826 2793 891 Mar-

551 967 799 1015 sorum
835 945 1193 1025 civitateS,
1229 946 1461 1016 altera
1499 946 1678 1015 hinc
1720 948 1810 1016 ad
1836 951 2418 1038 Superaequum,
2453 948 2661 1018 illinc
2695 949 2786 1018 ad

549 1070 947 1141 Corfinium
1003 1075 1073 1140 et
1112 1071 1571 1142 Sulmonem.
1617 1076 1709 1142 Ut
1757 1076 2077 1142 Aternus
2127 1074 2434 1158 medius,
2491 1096 2665 1144 cum
2708 1076 2787 1143 in

545 1198 905 1267 orientem
939 1219 1191 1267 versus
1216 1198 1445 1267 flectit
1477 1201 1910 1288 montesque
1942 1201 2153 1268 Pz'cca
2188 1201 2257 1267 et
2289 1200 2619 1269 Morrone
2647 1199 2791 1267 dis-

545 1323 838 1410 tinguit,
901 1321 1265 1410 Paelignis
1325 1322 1402 1389 in
1455 1322 1912 1391 Marrucinos
1969 1325 2039 1391 et
2076 1323 2534 1392 Adriaticum
2582 1344 2785 1392 mare

544 1447 1017 1517 tendentibus
1057 1451 1302 1536 portas
1353 1447 1673 1536 quodam
1730 1447 1944 1517 modo
1986 1448 2351 1537 patefacit,
2388 1449 2489 1518 ita
2528 1449 2782 1518 fauces

537 1573 803 1663 quibus
842 1592 1113 1640 nomen
1151 1573 1369 1640 Forca
1395 1575 1661 1642 Carzeso
1700 1592 1903 1640 nunc
1945 1571 2264 1641 inditum
2301 1573 2513 1642 estin
2558 1573 2783 1662 paeli-

542 1717 771 1786 gnam
817 1696 1191 1785 regionem
1226 1695 1488 1764 Marsis
1518 1695 1865 1785 aperiunt
1890 1696 2199 1766 aditum.

628 1826 826 1892 Inter
919 1822 1099 1890 altos
1193 1824 1480 1891 montes
1556 1822 1925 1891 intersunt
2014 1821 2446 1892 humiliores
2547 1826 2780 1893 terrae

543 1950 998 2039 valliumque
1031 1950 1262 2018 sinus.
1612 2026 1619 2031 ,

627 2074 817 2145 Sitae
849 2077 1055 2143 erant
1085 2074 1270 2143 duae
1304 2075 1823 2163 Paelignorum
1856 2074 2217 2161 civitates,
2261 2074 2664 2143 Corfinium
2707 2079 2778 2145 et

541 2198 813 2283 Sulmo,
851 2199 926 2266 in
950 2197 1169 2286 longa
1193 2197 1483 2288 lataque
1506 2199 1839 2287 planitie,
1867 2199 2239 2268 montibus
2261 2198 2767 2280 circumiecta,

541 2346 762 2415 quam
797 2321 1233 2393 interfluunt
1255 2345 1511 2392 amnes
1546 2327 1744 2396 Gizz‘o
1777 2329 1846 2394 et
1875 2327 2284 2412 Sayz'ttarz'o.
2321 2324 2568 2409 Vallis,
2604 2346 2774 2395 aus-

543 2452 706 2521 trali
752 2455 953 2542 parte
996 2452 1065 2519 in
1108 2454 1241 2519 450
1277 2473 1375 2519 m.
1411 2451 1810 2531 sublevata,
1835 2452 1984 2521 leni
2015 2451 2205 2520 clivo
2238 2453 2774 2540 septentriones

539 2586 794 2646 versus
827 2576 1183 2665 paulatim
1218 2596 1292 2643 se
1325 2574 1627 2644 dimittit
1659 2575 1745 2643 ad
1771 2575 2282 2664 planiora,250
2305 2575 2587 2645 m.alta.
2609 2580 2776 2645 Pro-

546 2705 943 2796 pemodum
985 2705 1062 2772 in
1095 2704 1342 2773 orbem
1384 2703 1893 2773 circumducta
1921 2702 2233 2773 videtur.
2271 2704 2534 2773 Crebro
2567 2725 2779 2795 repe-

544 2833 728 2900 ritur
758 2832 834 2899 in
874 2829 1083 2899 Italia
1127 2828 1367 2897 media
1408 2828 1589 2897 haec
1616 2828 1942 2897 locorum
1978 2829 2283 2919 species.
2318 2829 2574 2899 Sabini
2605 2833 2782 2918 Rate

547 2959 788 3049 (Hz‘eti)
818 2961 887 3027 et
942 2958 1433 3039 Amiternum,
1493 2956 1703 3025 cuius
1753 2957 1832 3024 in
1888 2956 2128 3025 vicem
2169 2957 2437 3048 Aquila
2476 2957 2783 3027 suffecta

544 3090 674 3170 est,
711 3088 788 3155 in
842 3084 1264 3154 huiusmodi
1323 3082 1631 3174 planitie
1690 3082 2136 3152 locaverant.
2191 3084 2461 3153 Sabina
2521 3082 2761 3169 vallis,

543 3235 763 3303 quam
823 3212 1152 3301 superior
1199 3215 1513 3279 Aternus
1580 3209 1790 3277 alluit
1866 3231 2076 3299 saepe
2144 3213 2437 3298 propter
2465 3211 2779 3279 formam

545 3362 754 3410 suam
790 3342 1047 3409 coneha
1078 3339 1403 3427 d'qucz'la
1434 3336 1798 3406 vocitatur
1836 3358 1850 3415 ;
1888 3335 2142 3405 eadem
2175 3335 2262 3405 de
2293 3358 2516 3406 causa
2548 3336 2782 3428 paeli-

542 3488 690 3555 gna
721 3465 931 3535 vallis
970 3466 1233 3535 concha
1283 3464 1362 3531 de·
1413 3465 1750 3534 Szclmona
1811 3461 2161 3553 appellari
2196 3465 2451 3553 potest.
2499 3466 2779 3532 Marso-

544 3615 708 3663 rum
739 3613 1025 3684 quoque
1058 3590 1257 3679 regio
1291 3611 1438 3659 non
1479 3590 1898 3660 absimilem
1942 3590 2258 3680 figuram
2308 3591 2573 3661 subicit
2609 3614 2781 3662 ocu-

542 3716 655 3786 lis.
690 3712 827 3786 S'ed
868 3713 1060 3803 apud
1095 3718 1373 3783 Marsos
1402 3713 1724 3782 Fucinus
1775 3712 2007 3793 lacus,
2053 3735 2287 3802 nuper
2336 3714 2768 3796 exsiccatuS,

542 3843 883 3912 infimam
909 3841 1243 3931 aequoris
1275 3844 1557 3931 partem
1584 3842 1807 3908 totam
1836 3841 2009 3908 olim
2046 3840 2256 3929 aquis
2279 3841 2432 3908 suis
2453 3841 2777 3930 replebat

544 3970 1056 4060 montiumque
1115 3969 1723 4066 praestringebat]
1752 3968 2061 4037 radices.
2107 3967 2370 4036 Eadem
2414 3969 2771 4040 nimirum

539 4099 764 4168 fuisse
797 4101 993 4188 patet
1025 4096 1572 4188 praehistoricis
1612 4094 2065 4185 temporibus
2097 4098 2507 4164 ceterarum
2533 4097 2779 4166 consi-

544 4225 834 4295 milium
876 4224 1262 4314 regionum
1316 4221 1653 4292 condicio
1701 4244 1716 4301 ;
1761 4222 1978 4291 nobis
2028 4222 2253 4310 igitur
2291 4222 2606 4293 liberum
2672 4228 2781 4295 est

539 4351 979 4421 contendere
1002 4349 1302 4439 paludes
1326 4347 1643 4416 Corfinio
1659 4347 2140 4438 Sulmonique
2163 4348 2450 4418 vicinas
2473 4351 2778 4440 vestigia

538 4497 693 4546 esse
721 4475 1046 4566 paeligni
1077 4474 1465 4545 cuiusdam
1498 4473 1730 4559 lacuS,
1767 4475 1893 4565 qui
1925 4475 2330 4564 antiquitus
2363 4476 2689 4546 exolevit.

630 4601 855 4690 Regio
887 4602 1140 4669 nostra
1191 4583 1509 4688 insuper*
1541 4597 1887 4688 planities
1928 4599 2109 4667 duas
2161 4599 2487 4668 continet
2527 4601 2774 4671 minus

541 4727 681 4798 late
723 4729 1084 4818 patenteS,
1110 4747 1146 4796 e
1178 4725 1444 4817 quibus
1477 4747 1624 4795 una
1654 4725 1905 4815 (Pz'ano
1935 4727 2014 4794 dz'
2046 4727 2296 4816 cz‘nque
2327 4725 2609 4819 mz‘qlia)
2637 4728 2771 4800 sub
