3557 5559
1634 571 1724 584 -
1770 531 1856 599 72
1888 475 1992 584 ’.-

697 731 945 802 tannis
1013 729 1441 809 renuntiati,
1484 729 1683 798 domi
1734 728 2185 819 militiaeque
2224 749 2560 799 summae
2602 728 2933 799 societati

697 862 1069 952 praesunt.
1149 858 1337 929 Urbs
1403 857 1719 947 denique
1788 857 2127 943 sumitur,
2182 856 2309 926 ubi
2375 856 2668 926 socialis
2716 879 2935 927 sena-

700 989 815 1057 tus
873 985 1140 1056 residet
1191 983 1676 1074 consulesque
1737 988 1810 1053 et
1868 986 2238 1074 praetores
2306 986 2675 1052 creantur.
2743 1011 2775 1047 «
2811 983 2931 1052 Ca·

699 1115 828 1202 put
885 1109 1180 1202 imperii
1250 1110 1364 1178 sui
1442 1108 1849 1178 Corfinium
1917 1107 2272 1196 legerant,
2353 1108 2546 1198 quod
2614 1108 2934 1198 appella-

699 1244 868 1310 rant
896 1239 1238 1309 Italicum
1289 1239 1413 1330 (1).
1451 1263 1485 1304 1>
1521 1243 1938 1319 Ἐπισημοτάτη
1992 1244 2081 1299 καὶ
2136 1244 2364 1319 μεγίστη
2415 1243 2506 1298 καὶ
2564 1246 2732 1313 κοινή-
2769 1243 2935 1306 πόλις

696 1369 820 1448 ἄρτι
850 1369 1269 1444 συνετελεσμένη
1302 1375 1419 1432 τοῖς
1461 1368 1806 1432 Ἰταλιώταις
1845 1368 1908 1423 τὸ
1948 1368 2236 1445 Κορφίνιον
2277 1368 2363 1442 ᾖν,
2406 1366 2457 1423 ἐν
2507 1367 2543 1443 ᾖ
2585 1368 2651 1423 τά
2697 1388 2754 1423 τε
2794 1365 2937 1423 ἄλλα

699 1490 797 1545 ὅσα
843 1486 1084 1562 μεγάλην
1146 1485 1310 1542 πόλιν
1369 1486 1458 1541 καὶ
1514 1485 1697 1562 ἀρχὴν
1755 1484 2078 1560 κρατύνουσι
2138 1485 2532 1555 συνεστήσαντο
2588 1484 2679 1539 καὶ
2729 1483 2934 1561 ,ἀγορὰν

699 1608 966 1683 εὐμεγέθη
1011 1607 1101 1663 καὶ
1149 1604 1656 1680 βουλευτήριον.....
1700 1605 1799 1674 τὴν
1841 1606 2035 1675 κοινὴν
2077 1602 2240 1660 πόλιν
2280 1603 2518 1661 Ἰταλίαν
2565 1603 2938 1677 ἐπονομάσαν-

699 1742 787 1783 τες
820 1724 918 1798 (2).
950 1739 1020 1764 -·-
1058 1717 1348 1799 Κορφίνιον
1387 1720 1575 1790 κοινὴν
1613 1718 1778 1775 ἅπασι
1818 1723 1937 1782 τοῖς
1976 1718 2315 1782 Ἰταλιώταις
2355 1716 2730 1794 ἀποδείξαντες
2774 1718 2938 1776 πόλιν

702 1840 818 1897 ἀντὶ
856 1842 959 1905 τῆς
1008 1841 1229 1913 Ῥώμης
1279 1840 1622 1914 ὁρμητήριον
1681 1842 1777 1893 τοῦ
1826 1838 2077 1914 πολέμου
2121 1840 2610 1914 μετονομασθεῖσαν
2660 1837 2938 1910 Ἰταλικὴν

706 1958 794 2012 καὶ
858 1956 1083 2014 ἐνταῦθα
1140 1954 1209 2028 δὴ
1266 1956 1394 2021 τοὺς
1452 1957 1850 2048 συνεπομένους
1912 1959 2403 2033 ἀθροίσαντεςκαὶ
2460 1959 2943 2034 χειροτονήσαντες

711 2080 944 2143 ὑπάτὸυς
1026 2079 1117 2135 καὶ
1203 2083 1542 2156 στρατηγούς
1599 2084 1698 2156 (3).
1776 2076 2110 2145 Ceterum
2178 2076 2472 2142 senatus
2550 2073 2949 2162 magistra-

711 2200 1065 2289 tuumque
1110 2199 1488 2289 proprium
1537 2221 1810 2270 nomen
1859 2221 1992 2268 nos
2040 2199 2249 2286 fugit,
2286 2196 2476 2287 quod
2526 2199 2819 2267 tantum
2862 2198 2940 2266 in

710 2323 1023 2393 latinum
1066 2327 1192 2394 aut
1232 2325 1307 2393 in
1342 2346 1690 2413 graecum
1733 2324 2172 2393 translatum
2207 2324 2576 2393 novimus,

798 2453 1094 2522 Corfinii
1142 2454 1399 2522 electio
1455 2454 1682 2522 variis
1721 2475 1759 2521 e
1812 2453 2056 2522 causis
2104 2453 2462 2522 manavit.
2501 2456 2941 2543 Quanquam

710 2575 913 2664 prius
940 2576 1145 2644 nulla
1177 2575 1394 2645 huius
1428 2577 1629 2646 urbis
1663 2576 1938 2645 mentio
1984 2576 2179 2645 facta
2228 2578 2361 2660 est,
2405 2561 2620 2646 benem
2642 2577 2790 2646 iam
2826 2599 2947 2646 au-

716 2698 983 2768 diebat.
1022 2699 1278 2767 Strabo
1310 2720 1472 2768 eam
1521 2701 2039 2791 Paelignorum
2070 2707 2416 2785 μητρόπολιν
2449 2701 2629 2771 dicit
2658 2704 2774 2794 (4).
2810 2706 2943 2771 Pa-

712 2824 1005 2894 ludibus
1047 2830 1172 2894 aut
1202 2828 1548 2897 amnibus
1581 2829 1906 2919 undique
1938 2830 2668 2916 circumiacentibuS,
2693 2828 2943 2899 locum

714 2952 1082 3021 excelsum
1113 2955 1547 3042 occupabat,
1582 2955 1722 3023 situ
1757 2956 1911 3046 ipso
1956 2957 2354 3039 munitum,
2389 2957 2600 3025 cuius
2633 2956 2946 3024 firmita-

714 3083 863 3148 tem
893 3079 1375 3161 vetustissimi
1415 3082 1484 3148 et
1506 3081 1714 3149 solidi
1750 3082 1943 3149 muri
1977 3083 2367 3170 augebant.
2397 3082 2944 3171 Geographicae

713 3204 1141 3293 praesertim
1178 3204 1560 3292 positionis
1594 3209 1925 3294 respectu
1959 3206 2117 3273 Itali
2153 3206 2445 3274 adducti
2476 3209 2650 3294 sunt
2677 3209 2751 3274 ut
2780 3209 2947 3274 Gor-

714 3328 976 3396 finium
1010 3333 1230 3418 caput
1263 3332 1446 3397 esset
1467 3328 1801 3398 foederis,
1836 3329 2171 3417 Paeligni
2201 3330 2401 3398 enim
2427 3330 2690 3398 mediis
2720 3331 2797 3397 in
2831 3352 2944 3399 sa-

711 3450 994 3520 bellicis
1034 3452 1246 3519 terris
1294 3453 1713 3521 incolebant
1743 3454 1936 3522 inter
1975 3455 2197 3523 Oscos
2247 3458 2313 3522 et
2346 3454 2679 3533 UmbrOS,
2724 3456 2945 3525 totius

715 3573 969 3642 Italiae
1004 3575 1440 3646 umbilicum
1484 3579 1837 3646 tenentes,
1883 3584 2155 3646 Romae
2186 3580 2589 3673 Corfinium
2636 3582 2945 3670 superbe

714 3705 1215 3791 opposuerunt
1262 3702 1388 3793 (5).
1442 3702 1516 3770 Si
1577 3704 2025 3792 geometrica
2079 3704 2396 3794 quadam
2460 3707 2946 3795 congruentia

787 4038 859 4108 (1)
891 4039 1052 4092 vm„
1087 4036 1350 4106 Pmnc„
1379 4039 1448 4116 ΙΙ,
1482 4038 1568 4093 16.

790 4136 868 4208 (2)
898 4137 1153 4203 Βιοοοῐι.,
1189 4135 1442 4202 XXXVII,
1465 4138 1518 4190 2.

791 4233 865 4304 (3)
895 4232 1120 4301 Suum„
1153 4233 1219 4298 V,
1250 4247 1315 4301 p.
1354 4231 1480 4287 241.

790 4330 865 4402 (4)
896 4329 1040 4384 lbid.

790 4429 868 4502 (5)
900 4430 1134 4494 houna,
1164 4430 1258 4498 ΙΙΙ,
1293 4415 1359 4482 18
1393 4444 1405 4482 :
1445 4446 1471 4476 «
1503 4426 1647 4491 Quid
1680 4427 1791 4481 hac
1841 4427 2000 4481 clade
2052 4426 2286 4495 tristiuS‚
2321 4427 2457 4498 quid
2489 4428 2949 4506 calamitosiuS...

721 4534 784 4583 ut
814 4546 944 4583 cum
976 4544 1177 4599 regum
1210 4534 1262 4582 et
1293 4528 1553 4601 gentium
1583 4523 1798 4581 arbiter
1847 4526 2095 4597 populus
2134 4527 2319 4597 ipsum
2356 4542 2412 4580 se
2442 4542 2635 4598 regere
2671 4544 2783 4581 non
2814 4545 2949 4599 pos-

722 4633 827 4693 set,
859 4626 1061 4682 victrix
1092 4625 1260 4680 Asiae
1290 4628 1663 4696 Europaeque
1695 4640 1730 4678 a
1759 4623 2011 4679 Corfinio
2040 4625 2228 4679 Roma
2258 4623 2575 4695 peteretur!
2602 4645 2630 4675 »
