3557 5559
1454 563 1812 631 ...79-

508 764 774 830 Caesar
815 779 1014 828 anno
1053 759 1324 846 710s44
1376 758 1726 837 concivit,
1764 776 2074 844 magnas
2126 755 2548 825 habuerunt
2579 777 2747 846 par-

452 892 457 895 “
507 888 615 953 tes
645 884 769 972 (1).
804 883 1016 952 Liber
1054 885 1138 952 de
1165 886 1355 953 Bello
1401 884 1600 952 ez'vz'lz‘
1636 902 1750 950 res
1792 872 2087 950 enarrat
2120 881 2239 972 (2).
2278 885 2562 959 Caesar,
2602 885 2745 983 Ru—

503 1011 770 1080 bicone
801 1010 1254 1087 transmisso,
1292 1008 1580 1077 Italiam
1615 1009 1805 1076 mira
1836 1008 2208 1076 celeritate
2248 1010 2319 1076 et
2356 1006 2745 1095 diligentia

503 1134 776 1204 invasit
803 1134 924 1222 (3).
975 1120 1045 1200 Lss
1095 1133 1454 1217 Domitius
1510 1131 2069 1211 AhenobarbuS,
2124 1130 2527 1200 Galliarum
2585 1151 2747 1220 pro-

503 1257 763 1326 consul
814 1258 889 1325 in
931 1257 1258 1326 Caesaris
1319 1256 1561 1325 locum
1625 1255 1995 1338 suffectus,
2031 1276 2204 1323 cum
2263 1254 2746 1344 pompeianae

504 1384 850 1453 factionis
892 1383 1296 1454 fautoribus
1328 1383 1730 1453 Corfinium
1762 1402 1836 1450 se
1869 1383 2168 1471 recepit.
2207 1386 2356 1450 Hoc
2392 1381 2744 1472 oppidum

509 1529 762 1577 rursus
811 1508 1013 1576 sedes
1060 1508 1338 1576 factum
1388 1511 1495 1575 est
1541 1506 1999 1574 certaminis,
2045 1506 2553 1594 Geographica
2591 1506 2748 1574 eius

510 1632 797 1722 positiO,
857 1632 1116 1701 mediis
1175 1633 1251 1700 in
1283 1631 1660 1700 montibus
1717 1635 1788 1700 et
1833 1630 2225 1699 in'intimo
2268 1629 2746 1718 paeninsulae

512 1758 706 1841 sinu,
742 1761 821 1827 ut
870 1761 1090 1827 antea
1137 1758 1484 1826 Italorum
1516 1757 2084 1836 foederatorum,
2127 1756 2233 1824 ita
2278 1775 2483 1825 nunc
2533 1760 2749 1824 Pom-

512 1884 946 1973 peianorum
978 1883 1230 1952 oculos
1262 1883 1626 1953 movebat.
1666 1882 2023 1951 Domitius
2057 1883 2322 1951 milites
2354 1906 2389 1947 «
2421 1904 2459 1951 e
2491 1882 2750 1951 Marsis

513 2009 582 2073 et
615 2004 991 2092 Paelignis
1013 2009 1082 2074 et
1112 2005 1449 2073 finitimis
1478 2027 1521 2073 a
1553 2005 1977 2093 regionibus
2001 2010 2341 2092 coegerat
2367 2004 2488 2092 (4).
2526 2029 2559 2069 »
2596 2007 2749 2072 Duo

516 2132 586 2197 et
637 2129 940 2216 triginta
999 2129 1336 2198 cohortes
1393 2128 1551 2196 eius
1612 2126 1923 2218 imperio
1983 2127 2363 2216 parebant,
2408 2148 2445 2195 e
2484 2127 2751 2215 quibus

517 2255 1006 2325 collocaverat
1053 2257 1132 2324 in
1164 2256 1526 2346 praesidio
1572 2277 1697 2324 sex
1726 2255 1975 2340 Albae,
2019 2258 2297 2344 septem
2367 2254 2744 2338 Sulmone,

518 2385 942 2469 ceterasque
1002 2380 1301 2450 Corfinii
1331 2380 1448 2468 (5).
1494 2383 1759 2448 Caesar
1811 2400 2037 2448 unam
2070 2378 2437 2466 legionem
2498 2398 2751 2446 secum

520 2507 855 2576 ducebat

608 2636 702 2702 M.
747 2633 963 2700 Tullii
1002 2655 1248 2723 opera,
1291 2632 1768 2723 epistularum
1804 2632 2329 2711 commercium
2379 2632 2575 2701 inter
2616 2635 2749 2701 Gn.

522 2760 948 2848 Pompeium
1007 2765 1386 2850 Magnum,
1440 2759 1838 2829 Domitium
1896 2763 1965 2830 et
2024 2759 2366 2830 consules
2414 2759 2757 2849 pulcher-

519 2885 704 2955 rime
736 2887 1118 2970 novimus3
1164 2888 1573 2977 scripturae
1612 2887 1814 2977 ipsae
1836 2886 2046 2955 nobis
2077 2878 2385 2955 traditae
2417 2890 2588 2955 sunt
2624 2885 2753 2976 (6).

520 3014 909 3104 Pompeius
940 3014 1748 3110 Ahenobarbum'iubet
1777 3035 1950 3082 cum
1992 3014 2320 3082 exercitu
2363 3013 2755 3083 abscedere

522 3147 588 3208 et
614 3138 951 3228 Apuliam
1005 3142 1266 3228 petere.
1305 3139 1665 3238 Domitius
1712 3141 2155 3220 cunctatur3
2202 3137 2466 3206 annuit
2503 3139 2756 3206 tamen

522 3284 596 3331 se
626 3267 1049 3346 venturum,
1077 3262 1225 3340 sed,
1261 3266 1564 3331 Caesare
1596 3262 1894 3352 propius
1924 3264 1996 3331 et
2023 3262 2303 3330 citatim
2331 3261 2752 3345 accedente,

522 3388 828 3457 consilio
884 3391 1179 3477 repente
1232 3392 1537 3472 mutato,
1593 3387 1867 3457 diutius
1915 3388 2106 3476 apud
2159 3388 2561 3457 Corfinium
2595 3410 2754 3457 mo·

523 3520 748 3606 ratur.
793 3518 1108 3603 Magnus
1147 3516 1498 3605 queritur,
1548 3536 1716 3584 eum
1759 3536 2013 3584 rursus
2060 3517 2300 3598 vocat,
2345 3517 2425 3583 ut
2466 3515 2756 3584 Italiam

523 3662 694 3710 cum
735 3642 1079 3711 omnibus
1127 3642 1360 3731 copiis
1389 3642 1719 3713 deserere
1769 3644 1998 3733 possit
2047 3664 2135 3713 ac
2168 3664 2370 3713 mare
2412 3643 2756 3718 transire·

591 3872 671 3944 (1)
702 3872 840 3940 cm„
873 3871 946 3927 ad
974 3871 1124 3940 Aa„
1153 3871 1295 3941 VIII,
1347 3875 1399 3942 5,
1429 3875 1464 3929 2
1499 3888 1511 3928 ε
1563 3893 1593 3924 «
1624 3872 1848 3928 Pendeo
1890 3870 2072 3927 animi
2122 3869 2551 3943 exspectatione
2583 3872 2761 3927 corfi-

524 3969 731 4038 niensi,
764 3969 826 4024 in
855 3986 972 4042 qua
1003 3970 1072 4025 de
1103 3970 1288 4025 salute
1317 3969 1402 4025 rei
1431 3969 1693 4041 publicae
1723 3969 2065 4025 decernitur.
2102 3986 2126 4022 n

595 4069 670 4140 (2)
695 4067 776 4123 cf.
811 4068 1046 4123 Colonel
1076 4071 1335 4140 S‘rorrnn,
1382 4070 1623 4125 Histoire
1660 4069 1727 4125 de
1772 4069 1921 4125 Jules
1953 4069 2137 4137 Ge'sar,
2186 4067 2393 4124 Guerre
2440 4068 2621 4137 civile,
2652 4067 2762 4122 Pa·

524 4164 626 4233 riS,
659 4167 820 4222 1887.

598 4267 676 4338 (3)
700 4267 840 4336 Cxc.,
871 4266 945 4321 ad
968 4266 1113 4334 Att„
1147 4268 1199 4327 8,
1231 4268 1262 4320 9
1293 4282 1306 4321 ε
1360 4286 1384 4320 α
1418 4266 1536 4321 Hoc
1561 4263 1718 4339 τέρας
1768 4263 2029 4321 horribili
2072 4263 2393 4339 vigilantia,
2442 4263 2756 4335 celeritate,

527 4364 827 4439 diligentia
857 4368 961 4420 est.
995 4385 1025 4416 »
1059 4393 1129 4406 —-
1155 4364 1321 4434 lbid„
1352 4364 1409 4433 8,
1444 4365 1511 4420 15
1546 4380 1560 4420 ε
1593 4385 1623 4416 «
1651 4364 2018 4421 Ambulando
2049 4364 2269 4421 bellum
2302 4364 2577 4422 fecerunt.
2610 4383 2641 4416 »

597 4463 675 4535 (4)
706 4464 890 4524 Cass„
920 4464 987 4519 de
1017 4465 1156 4520 Bell.
1192 4463 1366 4529 civil„
1397 4464 1439 4533 I,
1476 4463 1561 4519 15.

601 4560 675 4631 (55)
709 4560 790 4616 Cf.
828 4560 962 4627 Cxc.,
988 4560 1061 4615 ad
1089 4560 1233 4628 Att„
1275 4560 1415 4627 VIII,
1454 4561 1536 4630 12,
1570 4553 1651 4629 Α.
1676 4563 1726 4619 1.

601 4658 675 4733 (6)
706 4659 843 4728 Cm„
875 4658 952 4717 ad
979 4661 1126 4727 Act„
1157 4659 1299 4727 VIII,
1332 4660 1418 4728 11,
1448 4662 1533 4728 A;
1564 4661 1653 4733 12,
1687 4664 1774 4731 A3
1807 4661 1896 4733 12,
1926 4661 1987 4717 B.
