3557 5559
1719 528 2074 594 ..14-

783 747 921 817 que
954 726 1294 818 iugorum
1324 730 1684 808 tractum;
1731 727 1951 797 Marsi
1997 726 2312 818 denique
2362 726 2555 797 inter
2603 726 3015 797 secundum

783 855 1102 923 tractum
1156 856 1227 922 et
1274 853 1562 922 tertiam
1624 874 1909 941 rugam,
1973 872 2158 943 quae
2207 851 2498 922 Sabinis
2528 852 3013 921 connectitur.

785 979 1125 1049 Gentium
1159 978 1474 1048 varietas
1520 979 1881 1048 montium
1926 978 2379 1069 valliumque
2425 978 2853 1048 varietatem
2903 999 3019 1046 se-

782 1109 952 1176 cuta
982 1110 1113 1176 est.

872 1233 1237 1321 Magnum
1277 1252 1460 1320 opus
1501 1232 1617 1316 sit,
1670 1234 1750 1300 ut
1798 1232 2139 1321 opinatur
2184 1232 2451 1310 Mieali,
2495 1231 2849 1322 cuiusque
2901 1252 3021 1299 sa-

786 1358 1090 1427 belli‘cae
1114 1357 1356 1447 gentis
1378 1357 1732 1427 terminos
1753 1360 1990 1426 certos
2012 1356 2651 1427 circumscribere.
2676 1358 3017 1425 Attamen

789 1484 895 1554 sic
929 1506 1181 1553 rursus
1213 1484 1405 1553 idem
1458 1484 1610 1573 ipse
1652 1484 1965 1573 scriptor
2003 1486 2297 1553 exortus
2328 1486 2437 1552 est
2469 1504 2485 1551 ε
2539 1490 2725 1554 Pure
2760 1483 2825 1552 si
2854 1484 3020 1551 vede

789 1611 1262 1679 chz‘aramente
1293 1612 1414 1679 che
1460 1611 1516 1676 z‘l
1550 1628 1741 1678 corso
1771 1610 1855 1678 de
1888 1611 2126 1697 ’fiumi
2171 1630 2206 1678 e
2245 1611 2312 1678 la
2353 1612 2679 1678 naturale
2714 1608 3021 1696 disposi-

784 1738 982 1805 zz'one
1013 1739 1190 1806 delle
1221 1738 1392 1806 valli
1415 1757 1657 1823 posero
1693 1740 1720 1806 i
1765 1740 1870 1807 lor
1910 1739 2270 1825 respettz'vz'
2323 1737 2588 1825 confini
2625 1737 2745 1825 (1).
2787 1734 3024 1804 Vallis

793 1885 1017 1954 quam
1051 1864 1340 1934 alluunt
1380 1885 1547 1953 pars
1590 1864 1830 1933 media
1873 1864 2208 1933 fluminis
2235 1864 2488 1933 Aterni
2530 1867 2599 1941 et
2633 1883 2894 1931 amnes
2947 1862 3026 1929 in

791 1996 954 2059 eam
991 1989 1381 2057 influentes
1413 1988 1558 2057 fere
1598 1988 1966 2078 perpetuis
2007 1986 2199 2075 iugis
2230 1987 2579 2075 cingitur,
2623 2007 2807 2076 quae
2840 1985 3027 2054 fines

790 2119 1002 2183 erant
1034 2135 1076 2182 a
1105 2120 1279 2183 natu
1296 2135 1372 2182 ra
1402 2114 1807 2184 constituti.
1855 2112 2376 2204 Complectitur
2406 2114 2551 2182 fere
2594 2117 2718 2182 107
2760 2111 3026 2180 chilio-

792 2237 1027 2302 metra
1073 2232 1454 2324 quadrata.
1498 2233 1626 2301 Hic
1670 2232 2190 2302 inhabitabant
2232 2231 2567 2318 Paeligni
2609 2232 2729 2320 (2).
2773 2230 3026 2299 Sabel-

791 2357 975 2427 licae
1008 2362 1239 2426 terrae
1286 2358 1526 2425 media
1559 2358 1635 2425 in
1670 2355 1880 2426 ltalia
1921 2357 2197 2445 positae
2240 2360 2470 2424 erant.
2521 2356 2740 2442 Regio
2792 2355 3022 2424 immo

793 2483 1338 2571 Paelignorum,
1376 2484 1500 2570 qui
1550 2484 1743 2551 inter
1796 2481 2118 2550 Sabellos
2174 2472 2498 2549 medium
2556 2481 3026 2549 obtinuerant

791 2609 1072 2692 locum,
1116 2608 1518 2676 umbilicus
1550 2607 2030 2697 paeninsulae
2064 2628 2315 2676 revera
2354 2607 2501 2676 dici
2533 2611 2836 2696 poterat.

859 2859 934 2931 (1)
966 2861 1180 2928 M1CAL1,
1215 2860 1403 2915 Storz’a
1444 2859 1595 2928 deqli
1643 2860 1853 2915 antichi
1894 2860 2093 2930 popolz‘
2138 2860 2383 2927 italiam,
2417 2860 2665 2931 Firenze,
2712 2860 2869 2930 1832,
2905 2865 2943 2915 t.
2980 2862 3023 2927 Ι,

791 2974 846 3027 p.
882 2960 1006 3014 267.

856 3056 941 3129 (2)
970 3055 1147 3129 Regio
1180 3056 1277 3111 illa
1304 3073 1407 3129 pro
1441 3055 1700 3111 maxima
1730 3061 1893 3129 parte
1916 3057 2086 3113 hodie
2118 3056 2437 3129 provinciae
2468 3057 2814 3112 adscribitur
2850 3076 3026 3132 quam

786 3162 996 3212 vocant
1024 3156 1276 3211 Abruzzo
1314 3158 1582 3212 Ulteriore
1613 3159 1657 3212 ll
1688 3156 1940 3231 (Aquila)
1966 3175 1978 3224 ;
2014 3157 2268 3212 nonnulli
2301 3163 2494 3213 tamen
2539 3158 2672 3229 pagi
2702 3158 3028 3230 provincia-

788 3271 920 3309 rum
971 3261 1104 3310 sunt
1136 3254 1386 3309 Abruzzo
1435 3256 1755 3309 Ulteriorel
1804 3255 2081 3327 (Teramo)
2125 3259 2182 3311 et
2226 3254 2475 3311 Abruzzo
2524 3256 2787 3311 citeriore
2816 3255 3031 3329 (Chieti)

789 3355 1095 3413 dictarum.
